2983 3808
1516 143 1576 190 15

491 274 697 333 Utroque
727 282 872 320 autem
901 274 1003 319 loco
1024 274 1129 319 dum
1160 275 1404 334 singulares
1424 291 1577 321 versus
1598 291 1711 332 quos
1732 291 1849 320 nexu
1874 277 2044 321 solvere
2072 277 2178 321 licet
2207 277 2410 335 neglecto
2440 282 2597 334 poetae

491 364 613 395 more
642 348 827 404 tollunt,
863 350 1076 394 sermonis
1107 349 1193 394 iter
1221 350 1347 407 quasi
1378 349 1641 406 quibusdam
1673 347 1907 402 ἀναπαύλαις
1937 350 2194 395 distinctum
2223 351 2340 394 ultro
2371 349 2597 394 denudant

489 423 678 468 utilitate
708 423 839 467 nulla.
900 423 985 467 His
1017 423 1200 468 accedat

695 496 787 543 Sat.
810 510 881 552 111,
913 499 996 543 281
1511 535 1514 537 ,

814 572 902 616 278
961 571 1125 616 Ebrius
1156 588 1209 616 ac
1237 572 1457 631 petulans,
1487 573 1563 630 qui
1592 572 1760 616 nullum
1789 572 1904 617 forte
1934 573 2107 628 cecidit,

962 645 1057 689 Dat
1086 661 1267 704 poenas,
1298 653 1472 691 noctem
1501 647 1670 704 patitur
1698 647 1893 705 lugentis
1923 648 2111 692 amicum

813 720 901 764 280
961 719 1157 776 Pelidae,
1188 720 1324 765 cubat
1352 721 1398 765 in
1429 720 1599 776 faciem,
1629 737 1731 766 mox
1761 719 1922 766 deinde
1952 722 2147 779 supinus.

877 820 933 828 -
963 785 1079 852 Erqo
1110 809 1197 838 non
1225 796 1352 839 aliter
1372 797 1531 853 poterit
1559 797 1761 840 dormire.-
1795 794 2051 853 quibusdam

962 868 1175 914 Somnum
1207 870 1304 913 rixa
1332 869 1450 913 facit.
1497 869 1577 914 sed
1607 870 1807 928 quamvis
1839 870 2065 928 improbus
2097 870 2222 914 annis

960 944 1110 1001 Atque
1140 958 1261 987 mero
1292 943 1468 988 fervens
1499 951 1627 989 cavet
1656 943 1790 1001 hunc,
1820 959 1951 1003 quem
1982 943 2162 989 coccina
2188 943 2316 989 laena

959 1018 1103 1061 Vitari
1133 1018 1256 1062 iubet
1285 1024 1331 1062 et
1360 1018 1568 1063 comitum
1596 1019 1880 1079 longissimus
1911 1017 2035 1074 ordo,

812 1094 897 1135 285
956 1092 1151 1135 Multum
1180 1100 1409 1150 praeterea
1438 1094 1707 1136 flammarum
1740 1100 1785 1137 et
1815 1107 1953 1138 aenea
1981 1094 2166 1152 lampas.

958 1168 1053 1221 Me,
1085 1182 1216 1223 quem
1246 1159 1359 1211 luna*
1379 1169 1492 1212 solet
1521 1168 1740 1213 deducere
1771 1169 1843 1212 vel
1873 1169 2007 1212 breve
2038 1168 2183 1213 lumen

959 1241 1198 1296 candelae,
1229 1243 1352 1286 cuius
1384 1243 1591 1300 dispenso
1624 1249 1669 1287 et
1699 1249 1896 1301 tempero
1927 1243 2064 1298 filum,

960 1316 1224 1360 Contemnit.

488 1390 577 1445 Qui
609 1391 724 1433 enim
756 1397 1015 1448 expungunt
1044 1406 1217 1433 versum
1247 1397 1468 1446 notatum,
1504 1392 1690 1449 primum
1722 1392 1980 1439 senteutiam
2012 1391 2272 1435 deteriorem
2309 1390 2494 1434 reddere
2525 1392 2588 1434 vi-

484 1464 660 1519 dentur,
699 1465 736 1508 si
766 1464 942 1520 quidem
971 1480 1122 1507 verum
1153 1480 1241 1507 non
1273 1471 1342 1508 est
1371 1466 1509 1508 rixam
1540 1481 1741 1509 somnum
1770 1466 1933 1519 facere,
1970 1481 2123 1509 verum
2155 1465 2418 1521 quibusdam
2448 1465 2588 1508 facere

485 1554 706 1591 somnum;
738 1537 897 1581 deinde
917 1538 962 1581 in
983 1539 1100 1582 omni
1128 1539 1213 1583 ista
1233 1539 1429 1582 oratione
1459 1545 1619 1596 poetae
1640 1539 2002 1583 consuetudinem
2024 1554 2274 1596 expressam
2295 1540 2590 1596 agnoscimus,

483 1612 573 1668 qui,
604 1626 702 1655 cum
734 1610 819 1655 hoc
848 1611 1034 1669 probare
1055 1612 1174 1667 velit,
1203 1627 1439 1670 pauperem
1469 1619 1643 1670 praeter
1668 1618 1814 1656 cetera
1843 1613 2038 1670 pericula
2067 1613 2223 1672 iurgiis
2245 1612 2469 1656 nocturnis
2491 1627 2588 1656 esse

484 1687 745 1744 expositum,
776 1687 958 1730 artificio
985 1702 1107 1740 usus,
1138 1687 1259 1742 quod
1288 1687 1405 1730 idem
1431 1694 1500 1731 est
1529 1688 1574 1730 in
1596 1688 1730 1731 satira
1750 1688 1934 1743 septima
1953 1704 1994 1730 v.
2016 1689 2101 1731 115
2123 1703 2238 1743 sqq.‚
2268 1688 2423 1744 incipit
2443 1703 2470 1729 a
2488 1702 2587 1729 nar·

480 1760 641 1807 raudo:
677 1757 826 1807 ‘homo
862 1760 1064 1818 petulans
1104 1768 1147 1806 et
1184 1762 1331 1808 ebrius
1368 1762 1472 1818 quia
1506 1762 1619 1807 forte
1655 1762 1760 1806 dum
1795 1771 1932 1806 noctu
1962 1763 2141 1806 domum
2176 1765 2336 1820 repetit
2371 1765 2586 1806 neminem

483 1836 661 1892 cecidit,
697 1841 837 1881 totam
873 1841 1047 1881 noctem
1084 1835 1201 1881 lecto
1237 1837 1440 1882 uersatur
1474 1836 1706 1894 insomnis,
1745 1836 2113 1896 quemadmodum
2147 1838 2304 1896 lugens
2334 1836 2586 1882 Patroclum

482 1912 696 1958 Achilles.
749 1927 855 1972 ergo
886 1911 1055 1970 vides⁸)
1089 1927 1187 1956 eum
1219 1912 1342 1958 aliter
1372 1912 1437 1971 (h.
1459 1928 1496 1958 e.
1525 1929 1615 1958 non
1646 1914 1856 1972 rixatum)
1892 1929 2092 1959 somnum
2123 1930 2278 1971 capere
2307 1929 2397 1957 non
2431 1928 2583 1970 posse:

485 1989 628 2047 (nam)
660 1988 914 2047 quibusdam
934 1986 1152 2050 Somnum⁴
1170 1990 1266 2032 Nata
1286 1987 1414 2043 facit.
1461 1988 1541 2033 sed
1561 1994 1707 2033 tamen
1729 2004 1993 2046 quamquam
2024 1989 2110 2032 hoc
2136 1989 2199 2032 ita
2227 1993 2310 2043 est,
2338 1988 2411 2032 ille
2432 2003 2585 2045 quam-

482 2064 550 2107 vis
581 2062 806 2120 improbus
839 2068 883 2105 et
903 2063 1006 2104 vino
1037 2062 1232 2106 fervidus
1255 2076 1282 2105 a
1302 2062 1436 2106 divite
1468 2068 1514 2107 et
1543 2063 1619 2119 qui
1649 2078 1810 2121 magno
1833 2063 2044 2106 comitatu
2076 2062 2262 2121 stipatus
2291 2061 2469 2117 incedit,
2500 2060 2585 2105 sibi

483 2121 670 2192 cavebit,
699 2150 940 2194 pauperem
961 2137 1267 2194 contemnit⁸⁸)
1301 2142 1346 2181 et
1375 2136 1490 2182 ultro
1522 2136 1730 2182 incessit?
1778 2136 1901 2181 Nihil
1931 2137 1976 2180 in
2007 2136 2074 2181 his
2095 2138 2388 2195 vituperamus
2412 2142 2458 2180 et
2478 2151 2584 2180 con-

482 2212 721 2256 clusionem
750 2211 879 2255 istam
911 2226 1023 2266 quae
1052 2211 1201 2255 multis
1233 2210 1463 2255 offensioni
1492 2211 1575 2255 fuit
1604 2212 1715 2255 scite
1745 2212 1990 2255 narratione
2020 2212 2206 2255 formata
2235 2226 2315 2255 sua
2343 2216 2501 2267 sponte
2532 2225 2584 2254 ac

480 2300 620 2343 paene
651 2284 898 2328 necessario
930 2284 1051 2327 nasci
1082 2291 1301 2341 putamus.

683 2357 841 2401 Trahit
871 2373 1028 2401 causae
1060 2359 1296 2402 similitudo
1330 2359 1434 2402 dum
1466 2360 1550 2403 alia
1580 2360 1819 2404 omittimus
1850 2367 1902 2403 ut
1921 2375 2055 2403 unum
2078 2360 2206 2403 etiam
2227 2374 2402 2403 versum
2421 2358 2583 2402 satirae

483 2434 694 2492 septimae
724 2433 1071 2490 interpolationis
1103 2435 1351 2491 suspicione
1381 2435 1566 2478 liberare
1597 2448 1817 2478 conemur.
1872 2434 1999 2477 Haec
2030 2434 2192 2491 scripta
2222 2439 2324 2477 sunt
2353 2433 2399 2476 in
2429 2432 2553 2476 libris

482 2644 766 2696 superioribus,
801 2644 951 2682 causali
980 2644 1175 2693 particula
1203 2645 1388 2695 subiungi
1416 2651 1586 2694 poterat,
1621 2646 1739 2695 plane
1768 2646 1819 2683 ad
1847 2646 2012 2684 eundem
2043 2645 2200 2682 modum
2228 2656 2346 2694 quem
2381 2644 2423 2682 in
2457 2645 2583 2682 satira

478 2711 617 2762 quinta
645 2724 681 2749 v.
703 2710 757 2750 60
787 2710 1033 2750 ostendimus
1064 2722 1186 2761 supra
1213 2724 1251 2762 p.
1277 2712 1339 2750 12.

682 2775 722 2828 *)
758 2776 824 2818 Sic
851 2778 1174 2829 interpretamur;
1212 2791 1339 2829 neque
1369 2779 1472 2817 enim
1501 2780 1842 2832 interrogativum,
1875 2780 1980 2829 quod
2010 2778 2128 2830 vulgo
2157 2779 2336 2826 credunt,
2373 2779 2444 2817 sed
2474 2778 2584 2817 affir-

478 2847 665 2886 mativum
695 2852 756 2885 est
784 2846 1040 2884 enuntiatum.
1085 2845 1321 2894 Conferl2,
1345 2845 1422 2886 126
1449 2846 1564 2897 Erqo'
1581 2849 1685 2886 videa
1711 2860 1824 2898 quam
1849 2847 1995 2897 gyrando
2023 2859 2161 2896 operae
2183 2850 2349 2897 pretium
2368 2849 2497 2896 saciat
2525 2848 2583 2884 iu-

478 2915 615 2964 qulam
642 2913 825 2964 Mycenis.
874 2912 1069 2952 Futurum
1099 2919 1230 2953 autem
1255 2916 1398 2964 poterit
1425 2921 1488 2954 est
1513 2914 1798 2960 condicionale,
1829 2920 1872 2952 ut
1904 2914 1939 2963 1,
1963 2913 2053 2952 135.

658 2980 724 3031 ”)
758 2981 797 3019 h.
818 2993 852 3019 e.
882 2993 958 3019 non
985 2982 1097 3028 timet,
1128 2988 1171 3020 ut
1200 2982 1239 3029 5,
1265 2981 1340 3020 102
1378 3016 1382 3021 .

918 3054 921 3055 ⁷
1426 3049 1519 3088 dum
1550 3061 1593 3088 se
1622 3048 1798 3088 continet
1825 3048 1989 3096 Auster,

952 3115 1058 3153 Dum
1088 3117 1200 3155 sedet
1226 3122 1267 3154 et
1295 3117 1418 3155 siccat
1444 3117 1622 3154 madidas
1651 3117 1691 3153 in
1720 3128 1876 3155 carcere
1905 3117 2063 3167 pinnas,

952 3182 1220 3223 Contemnunt
1248 3184 1417 3222 mediam
1447 3184 1657 3222 temeraria
1684 3183 1767 3221 lina
1796 3182 2052 3234 Charybdim.
