2983 3808
1492 121 1552 168 18

668 255 820 302 Unum
851 270 993 315 genus
1015 270 1218 300 versuum
1248 254 1536 298 insiticiorum
1569 270 1681 312 quos
1713 253 1900 298 credunt
1930 256 2063 313 paulo
2093 255 2226 300 latius
2255 270 2336 314 per
2352 254 2577 300 Iuvenalis

467 330 607 375 libros
636 330 861 388 persecuti
893 344 1044 374 sumus
1074 337 1125 374 ut
1144 328 1360 386 quaedam
1390 329 1502 373 ratio
1524 328 1769 387 explicandi
1790 330 2029 375 sententias
2048 330 2251 375 Iuvenali
2281 343 2490 388 perquam
2513 330 2578 373 fa-

466 405 648 449 miliaris
679 404 925 463 patefieret,
955 404 993 448 si
1023 404 1135 448 forte
1164 403 1249 446 hac
1268 403 1340 446 via
1370 403 1468 446 fieri
1496 409 1651 461 posset
1679 409 1730 446 ut
1752 403 1920 447 firmius
1943 404 2212 448 stabiliretur
2230 404 2436 449 iudicium
2455 402 2576 460 quod

464 479 647 524 fecimus
686 478 742 523 de
771 495 902 524 versu
940 479 1099 523 satirae
1136 478 1347 536 septimae
1378 493 1404 521 a
1435 493 1522 535 quo
1559 477 1690 523 huius
1727 476 2038 535 disputationis
2077 485 2381 538 argumentum
2416 478 2576 537 repeti-

465 554 621 598 vimus.
669 553 786 599 Sunt
814 554 889 597 alii
920 552 1096 597 dicendi
1128 553 1335 596 narrandi
1362 552 1606 596 disserendi
1637 551 1756 596 modi
1786 551 1890 595 huic
1919 557 2078 610 poetae
2107 554 2273 612 proprii
2305 559 2382 597 aut
2410 553 2576 611 praeci-

464 642 551 686 pue
571 628 848 684 frequentati,
873 627 919 671 in
941 642 1053 684 quos
1082 626 1275 683 inquirat
1294 630 1470 684 oportet
1490 626 1565 683 qui
1587 625 1641 670 de
1663 625 1759 669 aliis
1779 626 1976 670 versibus
1996 625 2117 670 haud
2135 627 2289 686 paucis
2311 642 2423 685 quos
2445 625 2574 671 hodie

466 702 633 747 habent
661 701 894 747 additicios
930 708 1051 746 recte
1091 707 1284 745 statuere
1314 701 1434 745 velit.
1486 700 1640 756 Velut,
1680 701 1767 744 hoc
1802 706 1853 744 ut
1889 700 2151 745 admonendi
2189 716 2324 746 causa
2364 701 2576 746 addamus

469 776 718 834 (scribimus
751 777 866 820 enim
896 776 1040 821 doctis
1070 777 1304 821 iuvenibus
1339 791 1523 834 quorum
1556 775 1702 820 studia
1731 789 1883 834 regere
1915 774 2140 833 solemus),
2171 791 2284 833 quae
2314 777 2519 835 leguntur

672 849 766 895 Sat.
787 863 852 906 1v,
886 853 910 893 7
915 853 942 894 8

944 926 1144 984 Pegasus
1177 925 1387 967 attonitae
1418 925 1590 982 positus
1621 922 1753 968 modo
1784 923 1938 968 vilicus
1970 923 2079 968 urbi.

943 1001 1067 1046 Anne
1095 1001 1221 1043 aliud
1249 1005 1356 1043 tunc
1385 997 1624 1055 praefecti?
1654 1013 1839 1055 quorum
1871 999 2062 1055 optimus
2093 1003 2222 1055 atque

943 1075 1170 1132 Interpres
1202 1074 1348 1133 legum
1380 1073 1681 1117 sanctissimus
1713 1073 1858 1116 omnia
1889 1073 2197 1131 quamquam&

824 1151 881 1191 80
940 1149 1230 1206 Temporibus
1262 1149 1368 1190 diris
1399 1147 1630 1189 tractanda
1659 1148 1842 1205 putabat
1871 1148 2025 1189 inermi

943 1223 1134 1266 Iustitia.

675 1295 766 1341 sat·
788 1310 851 1352 v1,
886 1299 1138 1402 75Solvitur
1168 1356 1237 1400 his
1267 1372 1426 1414 magno
1459 1355 1657 1399 comoedi
1689 1355 1837 1409 fibula,
1870 1361 1974 1398 sunt
2004 1370 2114 1412 ‹111sse

944 1429 1287 1488 Chrysogonum
1318 1438 1495 1474 cantare
1527 1437 1693 1484 vetent,
1723 1430 1930 1487 Hispulla
1959 1429 2172 1487 tragoedo

824 1507 880 1546 75
945 1504 1145 1548 Gaudet:
1177 1520 1238 1546 an
1267 1512 1457 1562 expectas
1487 1510 1536 1546 ut
1569 1504 1868 1559 Quintilianus
1900 1503 2097 1547 ametur?

673 1578 765 1623 Sat.
789 1592 873 1633 vn,
905 1581 988 1622 199

943 1653 1178 1696 Ventidius
1210 1652 1317 1708 quid
1348 1653 1478 1704 enim,
1510 1652 1615 1707 quid
1643 1652 1842 1694 Tullius?
1887 1654 2011 1694 Anne
2041 1654 2164 1695 aliud
2194 1668 2324 1708 quam

942 1725 1076 1771 Sidus
1108 1733 1153 1770 et
1184 1726 1344 1769 occulti
1375 1724 1574 1769 miranda
1603 1727 1800 1782 potentia
1830 1724 1934 1769 fati?

672 1799 768 1847 Sat.
791 1814 840 1856 x,
872 1801 957 1846 207

794 1876 880 1920 205
1127 1877 1243 1919 iacet
1275 1876 1461 1934 exiguus
1492 1890 1589 1919 cum
1620 1876 1779 1918 ramice
1810 1890 1970 1918 nervus

940 1950 1002 1993 Et
1032 1950 1231 2007 quamvis
1262 1956 1357 1992 tota
1386 1949 1591 2008 palpetur
1621 1955 1752 1992 nocte
1782 1949 1956 1993 iacebit'.

942 2025 1065 2069 Arme
1095 2026 1263 2083 aliquid
1293 2039 1470 2082 sperare
1501 2029 1648 2081 potest
1679 2022 1787 2067 haec
1817 2024 2009 2082 inguinis
2042 2025 2163 2083 aegri

945 2098 1167 2144 Canities?

673 2172 764 2219 Sat.
786 2183 891 2228 xm,
920 2173 1005 2217 153

799 2248 883 2290 150
942 2246 1068 2290 Haec
1098 2247 1160 2290 ibi
1192 2247 1230 2289 si
1261 2261 1349 2289 non
1382 2252 1497 2301 sunt,
1529 2246 1671 2289 minor
1703 2251 1826 2289 extat
1856 2246 2112 2304 sacrilegus,
2143 2247 2218 2303 qui

907 2367 910 2372 ,
939 2320 1086 2366 Radat
1115 2321 1303 2365 inaurati
1332 2320 1474 2364 femur
1504 2320 1710 2365 Herculis
1742 2326 1785 2364 et
1814 2321 1966 2365 faciem
1997 2321 2139 2379 ipsam

940 2396 1155 2452 Neptuni,
1186 2396 1262 2453 qui
1293 2395 1551 2437 bratteolam
1583 2395 1638 2436 de
1671 2394 1857 2437 Castore
1889 2395 2031 2438 ducat.

941 2470 1016 2512 An
1046 2469 1209 2512 dubitet
1237 2470 1394 2512 solitus
1424 2474 1567 2512 totum
1599 2468 1788 2513 conflare
1819 2469 2089 2514 Tonantem?

672 2544 764 2589 Sat.
786 2556 886 2599 nv,
918 2545 1004 2587 265

1485 2619 1591 2661 ergo
1623 2605 1768 2646 omnia
1797 2604 1956 2647 Florae

940 2678 1002 2722 Et
1033 2677 1207 2722 Cereris
1237 2679 1341 2722 licet
1371 2686 1414 2722 et
1446 2677 1637 2735 Cybeles
1669 2679 1820 2721 aulaea
1848 2679 2089 2734 relinquas:

669 2816 709 2868 ⁵)
745 2815 1003 2864 Ribbeckius,
1031 2816 1100 2868 qui
1121 2827 1276 2855 versum
1296 2815 1346 2856 78
1375 2816 1490 2864 delet,
1521 2817 1628 2866 quod
1657 2817 1759 2855 inter
1778 2823 1910 2856 cetera
1938 2824 2169 2867 argumenta
2196 2819 2409 2867 contendit,
2439 2833 2570 2870 quam·

467 2895 581 2939 qaam
609 2884 650 2923 iu
679 2883 751 2923 illa
779 2883 959 2922 oratione
987 2895 1217 2934 quamquam
1246 2883 1343 2921 diris
1377 2883 1599 2933 temporibus
1628 2882 1829 2921 Iuvenalis
1859 2895 1932 2922 usu
1961 2884 2112 2934 respui,
2140 2888 2311 2935 quamvis
2338 2886 2498 2937 requiri,
2528 2887 2572 2926 in

465 2950 605 2989 eadem
634 2951 758 2990 satira
786 2963 823 2989 v.
845 2950 898 2989 60
925 2951 1025 2989 haec
1053 2950 1237 3001 leguntur

939 3016 1073 3068 thue
1101 3017 1213 3056 lacus
1242 3018 1445 3065 suberant,
1476 3017 1542 3056 ubi
1570 3029 1797 3068 quamquam
1820 3019 1955 3064 'diruta
1985 3025 2118 3058 servat

938 3085 1077 3135 Ignem
1108 3085 1329 3123 Troianum
1357 3093 1398 3124 et
1418 3085 1582 3124 Vestam
1613 3085 1709 3123 colit
1738 3085 1844 3124 Alba
1872 3086 2077 3133 minorem,

941 3151 1109 3191 Obstitit
1136 3152 1297 3190 intranti
1327 3152 1509 3191 miratrix
1540 3152 1667 3191 turba.
