2983 3808
1480 130 1543 177 26

1545 267 1651 306 tunc
1680 261 1787 306 utile
1817 261 1966 307 multis

998 336 1170 380 Pallere
1202 340 1247 378 et
1277 335 1427 379 vinum
1457 341 1554 379 toto
1585 336 1757 379 nescire
1788 333 2044 391 Decembri,

454 413 710 457 Iuvenalem
741 426 830 455 non
860 412 1023 464 viuum,
1064 408 1184 467 quod
1213 408 1312 453 libri
1350 408 1535 465 habent,
1575 408 1654 453 sed
1685 409 1924 454 scholiasta
1953 416 2068 455 teste
2098 425 2291 457 somnum
2323 413 2567 471 scripsisse.

458 488 572 532 Nam
594 486 844 545 interpretis
866 484 1209 539 adnotationem,
1231 499 1318 542 qua
1337 483 1571 528 Ribbeckii
1593 484 1846 528 coniectura
1865 483 2031 540 nititur,
2057 497 2287 532 cucumam.
2330 504 2413 548 quo
2433 502 2572 532 meme

456 564 612 607 scilicet
640 562 744 605 solet
769 562 952 604 maxime
984 560 1215 614 lucubrum}
1247 574 1335 602 non
1367 565 1436 603 est
1465 559 1666 617 profecto
1688 559 1808 617 quod
1832 574 1931 604 cum
1953 575 2094 605 eomuo
2114 563 2287 622 ⁴rectius
2309 579 2439 621 quam
2470 579 2570 608 cum

456 639 551 681 vino
583 636 805 680 conciliari
835 635 1045 678 dicamus.
1094 635 1345 678 Priscianus
1378 639 1538 689 autem,
1570 634 1609 678 si
1638 634 1858 692 potiorum
1889 633 2100 679 librorum
2129 638 2435 682 auctoritatem
2467 652 2572 682 con-

457 712 660 765 sulimus,
699 713 847 753 vinum
877 710 1130 763 confirmat,
1169 724 1251 752 nec
1288 724 1482 752 somnum
1518 707 1699 752 adiuvat
1733 723 1855 752 mero
1887 723 2032 752 errore
2069 717 2176 754 nata
2206 712 2425 769 scriptura
2460 728 2570 771 pau-

457 800 608 830 corum
637 786 826 829 hamum.
887 783 1091 827 Iahnium
1123 799 1297 840 quoque
1329 783 1479 840 opinio
1512 782 1682 836 fefellit,
1713 797 1814 826 cum
1844 783 1890 826 in
1920 784 2073 828 eadem
2104 785 2239 829 satira
2267 802 2309 829 v·
2334 787 2390 830 58

1209 857 1394 915 cupidus
1426 857 1635 900 silvarum
1666 862 1885 915 aptusque
1915 858 2119 903 bibendis

999 931 1219 976 Fontibus
1250 932 1473 975 Aonidum

457 1025 510 1054 ex
531 1010 736 1053 lemmate
758 1008 914 1053 scholii
934 1010 1159 1049 luamus
1181 1020 1360 1048 CUPIDUS
1382 1019 1596 1048 sumnum
1615 1020 1784 1049 umus
1824 1017 1875 1051 ut
1897 1009 2072 1052 oratius
2093 1015 2195 1052 cett.
2242 1010 2357 1052 hanc
2378 1011 2569 1068 scriptu-

454 1100 549 1127 ram
578 1085 814 1142 avidusque
844 1083 1029 1127 bibendis
1058 1084 1268 1128 Fontibus
1300 1099 1429 1139 quam
1461 1088 1646 1139 utraque
1678 1083 1869 1127 editione
1900 1084 2069 1141 recepit
2105 1084 2343 1141 petendam
2378 1090 2568 1142 putaret.

453 1158 614 1216 Neque
647 1159 761 1203 enim
793 1164 871 1203 aut
906 1159 992 1204 hoc
1023 1164 1100 1202 aut
1130 1157 1250 1215 quod
1288 1157 1442 1201 eadem
1472 1158 1545 1200 via
1581 1158 1756 1216 longius
1788 1164 1977 1216 vagatus
1999 1159 2269 1203 Weidnerus
2301 1159 2445 1202 effecit
2475 1160 2568 1202 avi-

456 1234 616 1293 dusque
646 1233 814 1277 bibendi
839 1232 1045 1278 Fontibus
1074 1233 1145 1277 vel
1177 1249 1203 1277 a
1232 1232 1445 1277 latinitate
1482 1232 1658 1291 probari
1695 1239 1861 1290 potest3
1900 1239 2052 1277 contra
2089 1233 2362 1291 aptissimum
2392 1233 2570 1278 verissi-

454 1323 660 1367 mumque
693 1315 761 1354 est
791 1308 910 1367 quod
939 1309 985 1353 in
1018 1307 1170 1353 codice
1202 1307 1378 1352 Pithoei
1410 1307 1655 1365 ceterisque
1686 1308 1808 1353 libris
1840 1308 2042 1354 omnibus
2075 1308 2285 1366 scriptum
2318 1314 2387 1353 est
2420 1317 2569 1366 aptus-

453 1399 534 1443 que
566 1383 754 1428 bibendis
784 1383 1004 1428 Fontibus.
1065 1382 1199 1429 Unde
1230 1383 1366 1442 igitur
1394 1383 1546 1427 avidus
1580 1389 1724 1427 ortum
1760 1388 1985 1440 putamus,
2025 1382 2144 1440 quod
2176 1382 2233 1427 ad
2263 1382 2569 1440 explicandum

453 1459 635 1517 cupidus
666 1464 786 1502 certe
819 1458 1088 1517 adscriptum
1124 1473 1214 1502 non
1246 1464 1359 1512 erat,
1396 1472 1537 1515 neque
1568 1472 1673 1501 vero
1704 1463 1802 1501 tuto
1834 1458 1958 1502 reiici
1995 1465 2145 1516 potest
2175 1458 2260 1502 nisi
2290 1458 2458 1515 origine
2491 1456 2568 1501 de-

368 1564 374 1570 .
454 1527 633 1578 clarata.
695 1533 793 1594 Nos
832 1533 937 1577 dum
974 1533 1204 1576 artificium
1242 1532 1578 1587 reminiscimur,
1615 1531 1735 1589 quod
1771 1531 1981 1588 diximus,
2017 1533 2152 1577 verba
2187 1537 2347 1590 poetae
2385 1533 2430 1576 in
2460 1532 2569 1576 lem-

454 1609 584 1652 matis
616 1609 769 1666 primis
799 1608 958 1652 litteris
989 1622 1148 1651 vocum
1178 1607 1249 1650 vel
1281 1606 1545 1664 syllabarum
1576 1606 1779 1662 notandi,
1819 1608 2024 1664 quoniam
2062 1608 2108 1652 in
2139 1607 2383 1652 Pithoeano
2415 1606 2569 1652 codice

453 1684 638 1725 vivendis
669 1683 881 1740 scriptum
913 1689 982 1726 est
1011 1687 1062 1725 ut
1092 1683 1161 1736 11,
1184 1681 1271 1724 203
1301 1682 1417 1724 vivat
1448 1686 1517 1725 est
1547 1695 1628 1739 pro
1660 1681 1774 1725 bibat
1802 1682 1848 1725 in
1869 1681 2021 1727 eodem
2052 1682 2179 1737 libro,
2210 1682 2255 1726 in
2287 1681 2465 1739 antiquo
2493 1697 2568 1726 co-

454 1757 572 1810 dice,
609 1756 726 1799 unde
767 1757 877 1799 haec
913 1757 1225 1799 adnotamenta
1260 1755 1306 1796 in
1343 1755 1502 1797 librum
1533 1755 1825 1799 Pithoeanum
1861 1755 2021 1799 tralata
2051 1762 2173 1812 sunt,
2213 1755 2324 1800 haec
2366 1756 2427 1799 ita
2463 1770 2566 1799 exa·

451 1837 548 1874 rata
577 1831 713 1875 fuisse
745 1832 1020 1888 suspicamur
1045 1842 1268 1870 murinus
1300 1842 1483 1870 cunnus
1513 1842 1724 1871 savarum
1752 1843 1791 1870 A.
1813 1844 1867 1870 vx.
1889 1843 1955 1870 ms
1987 1830 2030 1874 h.
2054 1846 2091 1874 e.
2114 1839 2322 1889 aptusque
2351 1831 2561 1883 vivendis,-

451 1904 568 1948 unde
604 1906 885 1962 perspicuum
920 1906 1005 1960 fit,
1028 1922 1140 1963 quae
1177 1906 1347 1963 species
1384 1906 1609 1950 librarium
1645 1906 1865 1950 induxerit
1901 1907 1976 1963 qui
2012 1906 2179 1962 primus
2211 1917 2366 1947 Avmus
2403 1906 2565 1962 posuit.

453 1978 775 2036 Compendium
810 1979 920 2022 illud
951 1981 1215 2037 scripturae,
1252 1980 1376 2023 cuius
1413 1995 1554 2037 pauca
1592 1995 1726 2038 supra
1756 1981 1888 2023 allata
1919 1982 2023 2023 sunt
2055 1980 2276 2036 exempla,
2314 1994 2443 2035 quam
2480 1979 2567 2022 fre·

453 2069 593 2110 quens
625 2055 683 2098 sit
713 2054 758 2097 in
789 2054 859 2099 his
891 2054 1072 2099 scholiis
1102 2070 1192 2098 non
1224 2055 1381 2098 attinet
1412 2070 1650 2112 exponere:
1688 2070 1822 2099 unum
1853 2061 2047 2109 tantum,
2087 2069 2143 2098 ne
2178 2054 2275 2111 quis
2312 2069 2394 2097 nos
2424 2054 2568 2098 incre·

452 2129 606 2173 dibilia
635 2129 800 2187 fingere
830 2124 1073 2184 insimulet,
1110 2144 1414 2174 memoramus.
1480 2129 1605 2185 Quae
1644 2129 1762 2186 apud
1791 2130 2050 2173 Iuvenalem
2094 2134 2197 2173 sunt
2234 2129 2280 2172 in
2318 2129 2453 2172 satira
2490 2128 2566 2171 de-

452 2204 565 2247 cima
594 2220 636 2247 v.
661 2204 747 2248 315
771 2205 875 2262 plue
894 2220 1025 2262 quam
1048 2205 1113 2248 lex
1132 2205 1223 2247 ulla
1246 2205 1394 2258 dolori,
1428 2220 1479 2247 ea
1499 2205 1545 2248 in
1564 2204 1768 2248 lemmate
1788 2204 1943 2248 scholii
1977 2204 2090 2247 hanc
2111 2204 2299 2247 formam
2326 2203 2565 2246 induerunt

453 2290 556 2320 rLt‘s
586 2291 704 2325 QUAM
734 2290 817 2319 Lex
847 2291 913 2319 ux„
934 2291 975 2319 n.
996 2291 1050 2320 ιιι.
1118 2272 1131 2281 κ

656 2349 728 2392 Ab
762 2350 1013 2407 interpretis
1044 2350 1175 2408 nugis
1206 2349 1398 2393 redimus
1431 2348 1487 2393 ad
1518 2354 1708 2408 poetam.
1754 2348 1809 2392 In
1832 2348 1966 2392 satira
1996 2364 2112 2392 nona
2142 2347 2244 2392 inde
2277 2364 2303 2391 a
2322 2364 2453 2393 versu
2478 2350 2563 2392 118

453 2424 563 2467 haec
593 2424 802 2483 leguntur

997 2482 1247 2526 Vivendum
1279 2490 1396 2527 recte
1429 2488 1499 2526 est
1530 2498 1629 2526 cum
1661 2488 1842 2539 propter
1871 2482 2059 2539 plurima
2087 2487 2193 2525 tunc
2225 2488 2294 2525 est

995 2555 1167 2601 Idcirco
1199 2563 1249 2602 ut
1278 2557 1425 2615 possis
1455 2557 1650 2616 linguam
1684 2562 1963 2601 contemnere
1997 2555 2125 2602 semi.

845 2633 934 2675 120
995 2632 1235 2688 Praecipue
1267 2632 1411 2676 causis
1441 2636 1492 2674 ut
1522 2631 1697 2689 linguas
1728 2630 2043 2687 mancipiorum

997 2704 1266 2749 Contemnes
1297 2719 1380 2748 nec
1410 2705 1563 2765 lingua
1592 2704 1696 2747 mali
1728 2719 1830 2762 pars
1860 2704 2050 2762 pessima
2081 2704 2207 2748 servi.

995 2903 1109 2942 Haec
1136 2903 1254 2953 longe
1283 2903 1431 2942 ferrata
1458 2903 1601 2941 domus
1631 2903 1778 2941 servire
1806 2903 1977 2949 iubetur,

995 2970 1042 3010 In
1073 2983 1154 3022 qua
1182 2970 1376 3010 sollicitas
1405 2971 1582 3010 imitatur
1611 2970 1730 3010 ianua
1758 2975 1906 3021 portas.

451 3040 592 3091 Neque
626 3040 704 3090 ipsi
734 3039 1013 3079 dubitabamus
1040 3040 1137 3089 quin
1166 3039 1360 3078 orationis
1388 3038 1650 3078 conformatio
1679 3050 1822 3076 nomen
1851 3038 2069 3089 flagitaret,
2103 3051 2182 3077 non
2218 3033 2443 3078 admitteret
2477 3038 2561 3089 epi-

452 3108 602 3157 theton,
632 3108 846 3147 maculosas
876 3107 961 3147 sive
989 3107 1246 3154 maculonaaa,
1275 3106 1383 3157 quod
1411 3119 1463 3146 ex
1491 3106 1555 3146 his
1584 3105 1982 3146 scholiastae-verbis
2012 3119 2138 3156 prava
2166 3106 2394 3146 coniectura
2421 3105 2563 3145 effece-

452 3181 560 3213 rant:
592 3174 837 3215 Succnnsvs
867 3185 903 3213 n.
925 3185 968 3214 u.
990 3174 1076 3223 alii,
1105 3174 1280 3215 sordibus
1310 3175 1416 3214 dixit.
1461 3174 1547 3223 alii,
1572 3175 1713 3225 pictas.
