2983 3808
1452 127 1511 173 12

426 260 665 316 attendere,
698 260 775 318 qui
806 260 844 305 si
875 276 963 317 qua
991 259 1255 304 luxuriantia
1283 258 1329 303 in
1359 258 1430 303 his
1462 258 1725 302 carminibus
1757 257 1984 302 offendunt
2011 259 2123 303 falce
2154 260 2307 304 critica
2335 276 2541 305 resecare

428 336 616 380 animum
647 334 875 379 inducunt.
924 332 1131 379 Ceterum
1164 332 1322 379 similia
1346 332 1462 378 infra
1492 333 1556 391 (p.
1582 334 1637 377 14
1668 334 1735 390 n.)
1766 332 1812 377 in
1838 333 1997 378 satirae
2016 332 2276 378 undecimae
2296 350 2428 379 versu
2450 336 2538 379 109

427 410 666 469 attigimus.
712 408 890 453 Deinde
919 423 1036 453 nova
1064 414 1350 468 praeparatur
1379 408 1617 453 sententia:
1649 405 1758 453 ‘Sed
1779 407 1844 451 illi
1862 412 2012 451 tamen
2031 407 2173 452 forma
2192 414 2238 452 et
2257 413 2377 453 aetas
2399 424 2538 467 quan-

426 484 528 528 dam
547 485 719 528 veniam
749 483 826 527 dat
856 484 1105 542 superbiae:
1138 483 1245 541 quid
1273 484 1347 528 hic
1380 484 1451 527 cui
1479 498 1563 528 nec
1592 482 1733 527 forma
1762 496 1846 526 nec
1876 481 1960 526 flos
1990 482 2146 527 aetatis
2177 482 2274 528 est?
2304 483 2536 544 benignio-

424 575 574 605 remne
605 574 654 604 se
683 559 764 604 tibi
794 559 1040 604 ministrum
1078 558 1289 618 praebet?
1327 560 1460 603 immo
1490 557 1743 618 indignatur
1772 557 1892 616 quod
1929 556 2293 616 aliquidsposcas
2332 565 2378 602 et
2414 559 2535 616 quod

425 650 474 680 se
496 640 638 679 stante
669 632 934 679 recumbas.’
979 634 1189 692 Denique
1220 634 1513 693 interponitur
1532 648 1686 678 versus
1708 635 1764 678 66
1786 634 1982 677 Maxima
2011 647 2202 692 quaeque
2228 633 2377 678 domus
2405 635 2536 678 servia

426 718 487 754 est
507 711 640 769 plena
661 708 863 768 superbis,
895 724 1024 768 quem
1045 709 1329 754 Heinrichius
1357 710 1544 754 removit
1563 724 1705 767 neque
1735 709 2026 768 posteriorum
2047 708 2279 767 quisquam
2306 709 2538 754 restituere

426 800 560 829 ausus
593 790 672 828 est.
734 784 797 827 Et
833 799 917 828 nos
955 785 1161 829 miramur
1192 786 1327 830 fuisse
1367 786 1443 843 qui
1475 785 1582 843 quid
1621 789 1773 844 ageret
1807 790 1941 844 poeta
1975 799 2063 829 non
2098 784 2420 843 perspicerent:
2460 785 2536 843 qui

427 866 662 918 postquam
693 860 806 902 duos
837 860 949 902 dixit
977 861 1201 904 ministros
1234 860 1536 917 superbientes
1568 874 1674 918 erga
1704 874 1940 918 pauperem
1962 858 2179 915 clientem,
2209 873 2394 916 quorum
2425 859 2540 902 alter

426 934 562 977 habet
591 939 740 976 tamen
771 934 960 989 aliquam
992 948 1167 976 causam
1200 934 1451 991 superbiae,
1481 934 1592 976 alter
1621 933 1808 988 nullam,
1839 933 2001 976 insistit
2030 933 2266 991 paulisper,
2302 934 2535 976 interiecto

426 1007 591 1052 iudicio
623 1007 744 1064 quod
774 1023 828 1051 ex
857 1007 1078 1065 prioribus
1109 1008 1270 1065 repetit
1301 1013 1346 1050 et
1376 1007 1607 1050 confirmat
1636 1008 1987 1064 insequentibus,
2023 1008 2124 1051 dein
2157 1007 2214 1051 ad
2242 1007 2534 1052 intermissam

426 1082 669 1126 orationem
700 1081 823 1125 redit.
873 1079 1077 1139 ‘Superbi
1109 1096 1247 1139 aquae
1267 1082 1445 1139 vinique
1475 1081 1682 1125 ministri:
1714 1082 1916 1125 nimirum
1948 1081 2142 1127 abundat
2171 1081 2355 1126 divitum
2376 1081 2535 1126 domus

426 1156 565 1200 servis
598 1155 970 1214 superbientibus:
1003 1169 1106 1198 ecce
1131 1155 1242 1199 alius
1264 1170 1394 1213 quam
1419 1155 1615 1199 fastuose
1645 1154 1726 1199 tibi
1756 1170 1914 1213 panem
1944 1155 2131 1215 porrigit
2151 1155 2389 1212 mucidum,
2421 1162 2466 1200 et
2496 1156 2534 1201 si

426 1231 651 1276 meliorem
681 1237 829 1274 notam
860 1230 1038 1274 domino
1070 1231 1307 1289 sepositam
1338 1230 1553 1288 attingere
1584 1229 1763 1286 audeas,
1799 1237 2002 1290 superest
2032 1232 2164 1275 etiam
2195 1232 2270 1290 qui
2299 1232 2536 1277 inclemen-

426 1307 513 1349 tius
544 1312 588 1349 te
621 1306 830 1362 corripiat
859 1321 911 1349 ac
940 1305 1093 1349 vetet.'
1154 1305 1278 1360 Quae
1309 1306 1421 1348 ratio
1453 1305 1701 1362 exponendi
1731 1312 1819 1348 tam
1852 1312 1954 1363 apta
1982 1313 2160 1364 tamque
2190 1307 2397 1365 prudenti
2428 1321 2533 1351 con-

426 1380 524 1425 silio
561 1380 761 1424 instituta
796 1379 990 1434 videtur,
1030 1387 1081 1423 ut
1115 1386 1273 1438 poetae
1308 1395 1505 1434 manum,
1546 1396 1634 1422 non
1671 1381 1840 1423 laevam
1876 1382 2203 1438 interpolatoris
2240 1381 2536 1437 sedulitatem,

423 1455 553 1512 prodi
589 1455 756 1498 credas.
818 1456 887 1497 Ac
916 1454 1017 1497 vide
1049 1470 1227 1511 compar
1258 1455 1503 1511 exemplum
1540 1455 1585 1497 in
1622 1455 1758 1497 satira
1792 1455 2071 1510 duodecima,
2108 1455 2229 1513 quod
2265 1470 2365 1499 cum
2403 1471 2535 1500 nemo

424 1529 665 1585 temptat-it,
695 1528 758 1571 illi
791 1528 955 1584 aliquid
985 1528 1193 1586 praesidii
1222 1534 1404 1585 propter
1435 1529 1761 1571 similitudinem
1792 1528 1947 1572 afferre
1978 1544 2111 1587 posse
2141 1529 2355 1572 videatur.
2403 1530 2535 1572 Tem-

423 1607 572 1660 pestas
603 1601 887 1645 describitur:

783 1677 837 1718 17
899 1675 1017 1718 Nam
1047 1681 1222 1733 praeter
1250 1676 1398 1735 pelagi
1430 1691 1574 1731 casus,
1606 1682 1650 1720 et
1679 1677 1869 1721 fulminis
1902 1678 2018 1721 ictus

899 1750 1074 1794 Evasit:
1107 1750 1270 1794 densae
1302 1751 1469 1794 caelum
1502 1751 1771 1795 abscondere
1803 1754 2009 1797 tenebrae

899 1824 1032 1868 Nube
1063 1841 1151 1867 una
1180 1825 1440 1882 subitusque
1471 1831 1698 1869 antemnas
1729 1827 1903 1884 impulit
1931 1828 2063 1886 ignis,

779 1901 840 1943 20
898 1897 1012 1942 Cum
1044 1914 1091 1942 se
1122 1900 1310 1956 quisque
1340 1900 1415 1942 illo
1445 1914 1704 1957 percussum
1736 1901 1947 1963 crederet,
1966 1907 2011 1945 et
2039 1918 2142 1946 mox

898 1975 1128 2016 Attonitus
1159 1974 1325 2016 nullum
1359 1976 1545 2017 conferri
1575 1990 1707 2032 posse
1738 1980 1916 2033 putaret

899 2049 1190 2106 Naufragium
1219 2050 1329 2093 velis
1361 2050 1626 2094 ardentibus.
1670 2051 1821 2093 Omnia
1842 2051 1965 2106 fiunt

909 2123 1050 2176 Talia,
1085 2132 1171 2167 tam
1197 2126 1397 2181 yraviter,
1429 2126 1469 2166 si
1496 2127 1668 2182 quando
1691 2129 1859 2183 poetica
1889 2129 2029 2184 surqit

906 2197 1158 2256 Tempestas.
1216 2214 1352 2257 yenus
1381 2214 1468 2242 ecce
1499 2200 1623 2242 aliud
1654 2199 1917 2245 discriminis
1948 2202 2049 2245 audi

783 2274 839 2317 25
898 2272 960 2316 Et
989 2273 1193 2317 miserere
1224 2275 1382 2317 iterum
1418 2300 1471 2307 —

428 2358 472 2395 et
503 2351 594 2394 sive
634 2350 695 2406 (v.
720 2349 798 2406 23)
836 2350 876 2391 si
902 2350 1076 2407 quando
1111 2349 1274 2392 retines
1306 2349 1427 2405 quod
1465 2350 1566 2392 libri
1602 2356 1836 2405 testantur,
1874 2351 1965 2394 sive
1996 2367 2126 2410 quam
2156 2353 2325 2411 quando
2356 2353 2534 2411 reponis

429 2425 549 2484 quod
578 2423 834 2481 Madvigius
872 2423 973 2480 (sed
1008 2424 1054 2466 in
1087 2423 1171 2466 alia
1201 2424 1412 2468 orationis
1449 2424 1610 2481 forma)
1651 2425 1995 2470 commendabat
2022 2433 2066 2469 et
2094 2427 2277 2471 Iahnius
2313 2427 2537 2484 probavit,

426 2500 643 2559 generalis
676 2504 744 2543 est
772 2498 882 2542 haec
903 2497 1119 2542 sententia
1138 2497 1394 2542 transeundi
1416 2513 1549 2542 causa
1575 2498 1720 2542 media
1748 2500 1863 2543 inter
1882 2501 2186 2559 descriptionis
2217 2507 2367 2558 partes
2397 2503 2537 2545 inter-

425 2575 572 2632 posita
600 2588 691 2618 non
722 2572 849 2617 aliter
875 2571 1015 2615 aliove
1045 2572 1229 2615 consilio
1261 2588 1392 2629 quam
1423 2572 1468 2615 in
1491 2573 1626 2616 satira
1648 2574 1813 2630 quinta.
1863 2574 2208 2632 Complectendo
2240 2576 2292 2619 fit
2321 2577 2537 2620 transitus

426 2649 557 2693 etiam
592 2649 663 2701 10,
686 2647 760 2701 88,
788 2650 893 2703 post
923 2645 1124 2703 exposita
1154 2647 1536 2691 sermocinantium
1569 2647 1700 2703 dicta,
2107 2634 2109 2636 -

1646 2723 1693 2764 hi
1721 2737 1924 2766 sermones

908 2794 1031 2838 Tunc
1060 2796 1112 2837 de
1142 2795 1311 2849 Seiano,
1342 2804 1498 2839 secreta
1530 2797 1629 2839 haec
1661 2813 1882 2840 murmura
1912 2799 2040 2857 vulqi.

902 2869 1042 2914 Visne
1075 2870 1254 2914 salutari
1286 2872 1401 2915 sicut
1433 2870 1620 2917 Seianus
1652 2898 1708 2905 —

424 2944 488 2987 Et
519 2959 649 3002 saepe
680 2945 767 2989 hoc
796 2945 913 2990 idem
944 2946 1131 2989 efficitur
1160 2961 1255 3003 erqo
1286 2946 1503 3003 particula
1531 2946 1695 3001 addita,
1727 2963 1840 3004 quae
1871 2964 1959 3005 quo
1990 2949 2129 3006 magis
2149 2949 2348 2993 Iuvenali
2378 2949 2423 2991 in
2455 2949 2537 2993 de-

421 3018 535 3063 liciis
565 3019 649 3063 fuit
680 3034 732 3063 eo
765 3020 938 3078 saepius
970 3019 1221 3064 criticorum
1251 3035 1381 3064 nares
1413 3019 1608 3064 offendit.
1671 3021 1748 3065 Nil
1779 3028 2001 3067 mutarunt

629 3093 722 3138 Sat.
743 3106 841 3149 inv,
873 3094 960 3138 244

897 3169 1016 3227 Erqo
1045 3172 1197 3226 iqnem,
1228 3172 1351 3213 cuiue
1381 3171 1589 3212 scintillas
1619 3172 1708 3228 ipae
1738 3172 1901 3226 dedisti,
