2983 3808
783 894 1433 958 VNIVERSITATIS
1471 894 2049 958 LITTERARIAE

1015 1065 1408 1116 FRIDERIGAE
1445 1064 1822 1116 GVILELMAE

607 1228 1208 1327 RECTOR
1286 1230 1467 1316 ET
1540 1229 2232 1317 SENATVS.

375 1427 457 1522 In
476 1474 697 1519 Iuvenalis
729 1474 872 1516 satiris
905 1488 1005 1516 cum
1028 1473 1131 1516 olim
1163 1479 1208 1516 et
1236 1479 1388 1517 nostra
1416 1480 1555 1518 aetate
1586 1474 1724 1531 magis
1756 1474 2134 1531 grammaticorum
2166 1475 2373 1518 severitas
2404 1481 2471 1519 tot

374 1565 526 1594 versus
558 1548 754 1606 singulos
786 1555 861 1591 aut
892 1549 1020 1591 etiam
1052 1549 1297 1606 complures
1329 1549 1559 1592 continuos
1592 1548 1745 1592 ordine
1775 1549 2010 1604 moverint,
2046 1564 2221 1595 versum
2251 1565 2384 1592 unum
2416 1549 2472 1593 de

371 1630 460 1667 tam
491 1623 638 1667 multis
668 1623 714 1665 iu
743 1623 975 1679 pristinum
1006 1623 1151 1666 locum
1181 1623 1438 1677 restituisse,
1478 1624 1516 1666 si
1547 1623 1724 1679 quidem
1755 1624 2004 1682 contigerit,
2040 1639 2254 1681 operaene
2284 1624 2471 1680 pretium

375 1697 486 1740 erit?
548 1696 822 1752 Quamquam
854 1698 966 1739 enim
997 1697 1154 1750 multa,
1193 1712 1304 1752 quae
1335 1696 1466 1739 hodie
1498 1696 1692 1739 damnari
1723 1697 1885 1751 solent,
1925 1712 2014 1739 non
2045 1697 2225 1755 indigna
2255 1713 2349 1741 esse
2388 1698 2471 1741 hoc

376 1777 506 1828 poeta
535 1785 787 1823 censemus,
828 1770 950 1812 cuius
981 1785 1063 1813 nos
1094 1770 1317 1826 ingenium
1355 1785 1444 1812 non
1475 1785 1739 1828 magnopere
1771 1771 2047 1825 admiramur,
2086 1786 2215 1827 quem
2245 1786 2350 1814 vero
2380 1778 2471 1814 tam

375 1846 688 1889 sententiarum
719 1860 880 1901 genere
912 1860 1041 1898 quam
1073 1831 1280 1886 orationis
1310 1844 1384 1885 filo
1417 1852 1461 1886 et
1482 1846 1627 1886 colore
1647 1846 1803 1887 mirum
1824 1851 2032 1901 quantum
2063 1846 2131 1887 sui
2162 1845 2343 1888 similem
2375 1860 2472 1888 esse

378 1919 696 1972 existimamus,
735 1924 879 1960 tamen
912 1918 1116 1974 quoniam
1148 1918 1334 1975 superbe
1365 1918 1544 1974 obloqui
1574 1919 1679 1962 viris
1711 1919 1893 1963 eruditis
1925 1925 1970 1962 et
2000 1920 2141 1962 acutis
2173 1919 2318 1962 taedet
2355 1919 2473 1976 (libi-

376 1994 468 2037 dini
499 1993 614 2036 enim
645 1991 751 2049 quid
781 1992 866 2035 nisi
897 1991 1120 2035 libidinem
1152 2007 1348 2049 opponas
1360 1992 1422 2049 Ρ),
1460 1992 1804 2051 argumentando
1836 1999 1979 2035 autem
2011 2010 2108 2037 raro
2140 1993 2300 2050 aliquid
2332 1994 2474 2037 evinci

377 2083 508 2126 posse
540 2068 796 2127 iudicamus,
826 2082 960 2110 unum
983 2083 1169 2121 versum,
1201 2083 1331 2123 quem
1361 2068 1478 2110 iusta
1507 2068 1880 2110 demonstratione
1911 2083 2170 2125 recuperare
2201 2070 2325 2112 nobis
2355 2069 2475 2111 vide-

376 2158 487 2197 mur,
528 2142 753 2199 explicatis
790 2142 1029 2186 rationibus
1067 2142 1129 2184 ita
1160 2140 1396 2185 defendere
1434 2142 1689 2185 conabimur
1720 2149 1789 2196 ut,
1828 2144 1866 2185 si
1896 2158 1984 2199 qua
2013 2144 2124 2186 forte
2156 2145 2221 2187 vis
2252 2144 2396 2187 inesse
2427 2143 2474 2186 in

378 2218 476 2275 ipsa
506 2217 784 2262 similitudine
815 2216 1027 2270 videatur,
1059 2216 1210 2259 eadem
1241 2232 1374 2274 opera
1403 2218 1530 2274 pauci
1561 2218 1633 2260 alii
1665 2234 1691 2260 a
1721 2218 1970 2261 criticorum
2002 2218 2161 2271 iudicio
2185 2218 2472 2261 vindicentur.

380 2293 433 2336 In
464 2293 594 2336 satira
624 2291 809 2348 septima
837 2291 1057 2334 Iuvenalis
1097 2307 1195 2335 cum
1227 2292 1383 2334 artium
1415 2294 1608 2335 omnium
1639 2292 1943 2335 condicionem
1975 2309 2084 2349 quae
2115 2301 2205 2335 tum
2234 2294 2367 2335 fuerit
2397 2293 2475 2335 de-

378 2366 633 2423 plorandam
665 2371 875 2422 exponat,
911 2373 1013 2422 post
1049 2372 1201 2422 poetas
1241 2371 1285 2407 et
1324 2381 1467 2408 rerum
1505 2367 1739 2422 scriptores
1770 2367 1900 2409 tertio
1931 2367 2029 2410 loco
2061 2367 2115 2409 de
2147 2367 2377 2409 causidicis
2414 2368 2478 2409 ita

379 2439 555 2483 disserit
584 2446 634 2482 ut
664 2439 785 2496 ipsos
807 2439 980 2496 quidem
1012 2455 1171 2497 magna
1201 2439 1256 2483 de
1277 2455 1324 2483 se
1347 2440 1522 2495 suisque
1552 2440 1875 2496 mercedibus*)
1904 2441 2078 2495 iactare,
2109 2440 2187 2483 sed
2217 2456 2263 2483 re
2293 2442 2476 2498 propius

582 2574 620 2624 ⁴⁵)
656 2575 722 2612 Ad
750 2586 907 2612 versum
942 2573 1018 2611 108
1047 2575 1130 2623 Ipsi
1158 2586 1295 2623 maqna
1324 2580 1472 2620 sonant,
1507 2575 1575 2611 sed
1602 2579 1678 2611 tum
1708 2586 1790 2612 cum
1819 2575 1979 2612 creditor
2008 2574 2115 2612 audit
2142 2574 2238 2611 haec
2266 2581 2327 2612 est
2354 2573 2480 2612 adno-

381 2642 479 2680 tatio
510 2642 748 2680 scholiastae
777 2653 859 2680 11>sr
887 2651 1034 2680 MAGNA
1062 2652 1095 2678 s.
1127 2641 1229 2680 deest
1255 2642 1415 2687 scilicet,
1453 2642 1555 2691 quod
1581 2642 1715 2679 divites
1743 2653 1783 2679 se
1810 2653 1888 2680 esse
1917 2642 2045 2680 dicant
2066 2641 2327 2691 praesentibus
2358 2643 2478 2681 credi-

381 2710 522 2748 toribus
541 2712 633 2748 suis.
679 2710 760 2747 Pro
787 2710 899 2755 deest,
930 2708 1036 2758 quod
1065 2707 1208 2747 falsum
1229 2716 1302 2755 est,
1334 2708 1568 2759 Schopenus
1597 2710 1783 2747 causidici
1807 2710 1945 2746 scilicet
1973 2709 2221 2747 scribendum
2242 2710 2481 2755 coniecerat,

382 2778 452 2814 sed
487 2778 737 2815 scribendum
771 2783 833 2814 est
867 2776 972 2814 haud
1007 2775 1140 2813 dubie:
1179 2787 1261 2814 IPSI
1289 2786 1435 2814 MAGNA
1465 2788 1499 2814 s.
1530 2776 1576 2813 de
1605 2788 1644 2813 se
1672 2777 1821 2813 seilicet.
1879 2775 1991 2824 Quae
2023 2776 2202 2825 proxime
2237 2777 2482 2826 praecedunt

381 2844 537 2881 scholia
565 2844 616 2881 ad
646 2857 681 2881 v.
707 2844 782 2881 105
813 2848 853 2881 et
877 2843 953 2880 106
982 2843 1197 2891 adscripta,
1230 2843 1307 2881 105
1339 2854 1418 2881 sm>
1449 2854 1583 2881 ossus
1612 2854 1695 2880 ios.
1723 2843 1980 2880 historicorum
2005 2843 2198 2899 fingamus
2223 2856 2343 2893 qenus
2372 2847 2483 2894 igna-

382 2923 467 2949 vum
495 2913 588 2960 quia
623 2913 664 2948 in
698 2923 771 2949 uno
802 2911 882 2948 loco
911 2912 1038 2948 sedere
1066 2911 1268 2949 desiderat.
1313 2910 1390 2949 106
1427 2909 1514 2960 [mc
1544 2909 1718 2959 IGITURJ.
1758 2910 1947 2948 videamus
1983 2911 2079 2959 quid
2105 2919 2384 2961 consequuntur
2412 2913 2483 2949 ad-

382 2980 525 3024 vocati,
563 2990 611 3016 ea
644 2978 748 3016 falso
778 2978 829 3015 ab
859 2977 998 3015 Iahnio
1026 2977 1224 3028 discerpta
1257 2978 1298 3016 in
1333 2991 1454 3016 unum
1490 2977 1758 3016 contrahenda
1791 2984 1884 3015 sunt
1917 2976 2035 3026 idque
2069 2977 2126 3014 ita
2160 2979 2410 3016 scribendum
2446 2986 2486 3016 et

383 3043 721 3094 distinguendum:
760 3055 838 3082 SED
869 3054 1001 3082 omes
1031 3055 1114 3081 loN.
1146 3045 1417 3082 historicorum.
1457 3044 1694 3093 Linquamus
1726 3055 1844 3093 qenus
1880 3045 2057 3092 iqnavum
2093 3047 2184 3093 quia
2218 3048 2258 3083 in
2292 3058 2365 3083 uno
2402 3047 2484 3083 loco

383 3112 511 3149 sedere
539 3112 749 3150 desiderat.-
779 3112 970 3150 videamus
999 3113 1093 3161 quid
1120 3119 1393 3161 consequuntur
1419 3113 1606 3149 advocati.
1654 3110 1928 3161 Loquiturque
1958 3111 2153 3161 interpres
2185 3120 2227 3151 ut
2244 3110 2396 3151 Cicero
2427 3113 2486 3151 lo-

384 3185 498 3216 cutus
528 3185 591 3217 est
618 3179 833 3229 linquamus
863 3186 1040 3218 naturam
1070 3186 1242 3229 artesque
1269 3180 1463 3217 videamus
1493 3179 1559 3227 (de
1589 3191 1645 3216 or.
1670 3180 1706 3225 3,
1727 3178 1793 3226 46,
1820 3178 1927 3228 180).

2158 3247 2216 3296 1,
