2983 3808
1478 157 1541 205 27

933 290 1141 334 Deterior
1170 296 1316 335 tamen
1346 289 1432 344 hie,
1465 290 1540 346 qui
1570 290 1683 334 liber
1713 306 1802 338 non
1834 292 1916 334 erit
1945 291 2047 346 illis,

934 363 1133 419 Quorum
1162 364 1330 408 animas
1361 370 1407 408 et
1436 364 1552 407 farre
1583 380 1664 408 suo
1696 365 1888 408 custodit
1919 373 1963 408 et
1993 381 2105 408 aere.

455 439 582 496 Quos
613 454 766 484 versus
799 453 949 483 omnes
981 443 1058 482 aut
1086 444 1255 496 partem
1286 454 1436 482 eorum
1466 439 1662 497 plerique
1694 439 1827 484 hodie
1847 440 2045 483 Iuvenali
2075 440 2287 496 adimunt,
2319 441 2564 485 attribuunt

455 513 767 573 interpolatori.
822 511 955 570 Quod
985 528 1073 571 quo
1103 514 1198 558 iure
1227 513 1308 558 fiat
1336 519 1387 558 ut
1412 513 1643 558 diiudicari
1672 515 1814 572 possit
1843 516 1963 572 prius
1985 531 2135 560 versus
2166 516 2289 574 ipsos
2319 515 2377 560 ad
2409 531 2562 561 sanam

454 589 718 635 sententiam
758 595 1009 645 rectamque
1046 589 1285 633 orationem
1328 590 1526 633 revocari
1564 595 1753 647 oportet.
1816 589 1934 633 Nam
1973 591 2171 647 quisquis
2213 607 2362 634 eorum
2407 597 2564 634 auctor

376 684 385 694 ·
456 670 546 719 est,
583 664 648 708 sic
677 669 728 707 ut
757 662 1003 718 traduntur,
1040 679 1067 707 a
1096 664 1269 708 nemine
1301 664 1433 708 scribi
1462 670 1723 722 potuerunt,
1760 670 1804 707 et
1834 671 2001 707 certum
2033 672 2101 709 est
2130 666 2329 709 nonnihil
2358 666 2562 710 librarios

455 739 723 796 peccavisse.
788 737 986 793 Quorum
1015 754 1150 782 unum
1180 738 1514 794 Lachmannus‚
1550 754 1813 796 quamquam
1850 739 1896 781 in
1926 740 2120 783 oratione
2149 741 2291 784 minus
2328 741 2566 798 probabili,

455 813 647 857 restituit
666 813 907 867 verissime,
937 815 1075 856 causis
1106 828 1204 857 esse
1234 828 1339 856 caue
1361 814 1419 856 sie
1448 806 1776 870 interpretatus.
1823 813 1965 856 Porro
1994 829 2067 857 nec
2099 816 2160 870 (v.
2187 817 2308 871 121),
2340 815 2460 872 quod
2491 821 2561 858 est

455 888 501 930 in
533 886 626 931 solo
660 886 811 931 codice
841 886 1106 942 Pithoeano,
1146 886 1248 930 olim
1281 886 1559 931 emendatum
1593 893 1680 932 est:
1720 894 1942 932 corrector
1971 888 2200 933 Pithoeani
2231 905 2332 933 nam
2362 890 2561 947 reposuit

456 961 588 1019 idque
623 961 780 1020 reliqui
815 962 914 1006 libri
950 962 1115 1006 habent
1150 954 1323 1018 omnes,
1358 977 1441 1006 nec
1471 962 1643 1007 videtur
1672 963 1864 1008 dubitari
1900 978 2043 1021 posse.
2107 964 2308 1022 Denique
2338 964 2560 1009 lenissima

456 1038 697 1080 mutatione
719 1037 922 1079 effectum
943 1037 1144 1080 addimus
1178 1044 1224 1080 tu
1249 1039 1420 1095 linquae
1451 1039 1513 1094 (v.
1539 1039 1645 1095 120)
1677 1053 1759 1095 pro
1781 1046 1841 1081 ut.
1888 1038 1973 1082 His
2005 1039 2068 1081 ita
2097 1040 2308 1096 reparatis
2331 1039 2558 1083 distinctio

454 1110 708 1155 adhibenda
745 1117 833 1166 est,
873 1126 982 1167 quae
1020 1111 1122 1155 olim
1160 1127 1294 1170 prave
1330 1112 1532 1156 instituta
1562 1112 1771 1157 orationis
1812 1113 2168 1171 perspicuitatem
2199 1114 2383 1157 maxime
2421 1114 2560 1171 impe-

454 1186 579 1228 divit.
640 1186 798 1242 Itaque
830 1187 894 1229 sic
925 1187 1154 1229 scribimus
1186 1194 1230 1229 et
1260 1187 1629 1245 interpungimus:
1698 1200 1700 1202 ·

930 1260 1180 1304 Vivendum
1211 1269 1330 1305 recte
1362 1268 1430 1305 est
1459 1277 1559 1304 cum
1589 1269 1770 1319 propter
1800 1263 1986 1319 plurima
2016 1271 2119 1305 tunc
2152 1271 2219 1306 est

929 1335 1103 1380 Idcirco
1135 1343 1185 1379 ut
1214 1327 1359 1394 possis
1391 1337 1586 1395 linguam
1618 1344 1896 1380 contemnere
1929 1339 2043 1381 servi

784 1412 869 1454 120
927 1411 1183 1468 Praecipue.
1231 1410 1350 1455 Cave
1382 1413 1443 1456 sis
1473 1417 1523 1455 tu
1552 1412 1723 1468 linguas
1754 1412 2072 1468 mancipiorum

932 1485 1219 1530 Contemnas:
1257 1503 1358 1530 nam
1387 1487 1539 1544 lingua
1568 1487 1670 1529 mali
1700 1503 1804 1544 pars
1834 1488 2026 1544 pessima
2057 1488 2182 1530 servi.

931 1560 1137 1605 Deterior
1166 1567 1312 1605 tamen
1344 1561 1431 1616 hic,
1464 1562 1539 1619 qui
1567 1561 1680 1604 liber
1708 1577 1797 1604 nou
1829 1562 1912 1605 erit
1939 1562 2039 1616 illis,

935 1635 1133 1690 Quorum
1165 1636 1330 1679 animas
1362 1643 1406 1679 et
1435 1636 1550 1679 farre
1581 1652 1662 1679 suo
1694 1636 1888 1680 custodit
1919 1644 1962 1679 et
1994 1652 2105 1679 aere.

458 1712 527 1756 Ac
554 1712 787 1770 praecipue
823 1708 943 1767 quod
974 1709 1107 1767 vulgo
1147 1710 1333 1768 primum
1371 1710 1539 1754 faciunt
1572 1710 1758 1772 *alterius
1797 1712 2037 1755 sententiae
2074 1711 2129 1754 ad
2164 1712 2349 1768 priorem
2386 1719 2556 1769 partem

457 1784 622 1829 retrahi
643 1785 781 1829 oratio
811 1785 909 1843 ipsa
935 1784 1076 1828 iubet:
1107 1799 1204 1829 cum
1226 1792 1404 1843 propter
1427 1785 1618 1842 plurima
1642 1792 1731 1829 tum
1751 1785 1908 1829 idcirco
1933 1786 2159 1844 praecipue
2167 1802 2181 1837 ‚-
2213 1801 2352 1843 neque
2383 1785 2556 1844 positus

457 1860 662 1904 vocabuli
693 1861 738 1902 i'n
770 1865 920 1917 aperta
951 1859 1341 1914 structura'obest,
1371 1874 1454 1903 nec
1484 1860 1621 1903 multo
1653 1874 1781 1903 secus
1812 1860 1857 1902 in
1890 1861 2023 1903 satira
2054 1860 2241 1917 septima
2271 1876 2311 1902 v.
2340 1861 2423 1904 108

930 1934 1024 1991 Ipsi
1057 1949 1215 1991 magna
1245 1938 1403 1978 sonant
1433 1933 1513 1977 sed
1543 1940 1652 1989 tum,
1682 1949 1780 1977 cum
1815 1934 2005 1977 creditor
2035 1934 2169 1988 audit,

930 2008 1172 2065 Praecipue

456 2083 752 2142 postpositum
775 2085 1002 2141 praecipue
1032 2098 1130 2125 cum
1164 2091 1250 2126 tum
1281 2082 1510 2141 particula,
1541 2098 1630 2126 non
1661 2097 1760 2127 cum
1780 2084 1917 2137 audit,
1950 2084 2071 2142 iungi
2093 2083 2242 2127 debet:
2274 2083 2330 2127 de
2352 2099 2440 2141 quo
2461 2084 2557 2141 qui-

457 2145 558 2201 dem
588 2159 764 2201 fuerunt
795 2159 869 2214 qui
900 2173 990 2201 non
1019 2166 1138 2201 recte
1167 2157 1432 2212 iudicarent,
1468 2163 1586 2201 recte
1616 2158 1872 2217 Madvigius
1906 2158 2044 2216 (Opp.
2068 2159 2109 2212 2,
2135 2159 2262 2216 180),
2292 2173 2557 2215 quamquam

458 2233 530 2276 vel
559 2249 676 2275 nunc
697 2248 842 2275 veram
873 2233 1084 2275 rationem
1113 2232 1463 2289 interpungendo
1487 2233 1741 2286 obscurant,
1771 2233 1951 2275 Iahnius
1982 2240 2125 2274 autem
2145 2247 2319 2275 versum
2345 2235 2427 2275 109
2453 2248 2558 2290 spu-

457 2307 569 2352 rium
600 2323 696 2352 esse
728 2306 856 2351 nobis
887 2323 975 2351 non
1006 2307 1219 2364 probavit.
1271 2307 1366 2350 Iam
1397 2307 1710 2350 sententiarum
1742 2314 1936 2350 tenorem
1968 2308 2043 2364 qui
2073 2314 2140 2350 est
2168 2308 2214 2351 in
2243 2307 2330 2350 illis
2356 2308 2557 2351 versibus

457 2382 660 2426 evolvere
691 2397 909 2426 conamur.
963 2382 1063 2425 Hoc
1087 2382 1208 2425 *enim
1240 2381 1361 2436 dicit,
1391 2382 1656 2438 quicumque
1688 2397 1765 2425 eos
1798 2382 2008 2424 condidit:
2039 2379 2194 2424 ‘Recte
2220 2381 2457 2424 vivendum
2489 2388 2558 2425 est

457 2472 559 2500 cum
598 2462 779 2514 propter
815 2456 952 2499 multa
991 2462 1084 2499 tum
1126 2455 1291 2499 idcirco
1328 2457 1564 2514 praecipue
1604 2463 1654 2499 ut
1692 2457 1806 2500 servi
1849 2457 2042 2514 linguam
2083 2457 2226 2513 possis
2262 2462 2555 2500 contemnere.

457 2547 630 2589 semper
666 2530 840 2588 quidem
876 2530 1029 2589 lingua
1067 2531 1181 2574 servi
1219 2530 1414 2574 timenda
1455 2536 1523 2574 est
1569 2536 1614 2574 et
1656 2530 1896 2574 cavendum
1935 2531 2109 2573 omnino
2147 2545 2203 2573 ne
2239 2530 2557 2587 mancipiorum

455 2606 629 2663 linguas
662 2612 938 2648 contemnas:
976 2621 1077 2648 nam
1109 2606 1225 2647 servi
1254 2605 1358 2647 mali
1390 2620 1494 2662 pars
1524 2606 1716 2662 pessima
1746 2611 1814 2648 est
1842 2605 2001 2661 lingua.
2051 2604 2129 2647 sed
2159 2611 2306 2647 tamen
2337 2604 2557 2647 deteriore

455 2679 713 2722 condicione
744 2687 812 2723 est
847 2681 886 2723 is
917 2680 992 2735 qui
1022 2679 1134 2721 male
1164 2679 1352 2722 vivendo
1385 2680 1654 2736 contemptui
1691 2679 1773 2722 erit
1807 2680 1860 2721 iis
1891 2692 2001 2735 quos
2042 2678 2136 2735 ipse
2173 2679 2277 2721 emit
2315 2679 2555 2734 nutritque.

454 2768 562 2812 ergo
598 2759 719 2798 recte
755 2753 990 2797 vivendum
1027 2759 1096 2798 est
1130 2758 1180 2797 ut
1222 2753 1368 2811 possis
1405 2755 1711 2797 contemnere.'
1774 2751 1892 2797 Satis
1930 2758 2030 2810 apte
2067 2753 2309 2796 sententiae
2347 2753 2558 2797 circuitus

455 2828 614 2874 confici
634 2828 824 2883 videtur,
855 2844 996 2886 neque
1027 2828 1168 2872 oratio
1200 2828 1333 2872 habet
1363 2828 1483 2885 quod
1504 2844 1645 2886 aequo
1675 2827 1808 2872 iudici
1837 2828 2118 2885 improbetur.
2165 2827 2282 2871 Nam
2310 2827 2431 2884 quod
2460 2843 2559 2873 oon-

459 2905 669 2948 temnendi
686 2903 867 2947 verbum
898 2904 967 2948 bis
998 2919 1088 2947 non
1119 2902 1274 2947 eadem
1295 2903 1339 2946 vi
1369 2904 1600 2960 utrobique
1631 2904 1820 2960 positum
1842 2909 1924 2956 est,
1955 2916 2138 2946 acumen
2169 2902 2389 2958 quoddam
2420 2918 2560 2962 agno-

455 2978 621 3023 scimus
652 2978 828 3023 minime
859 2978 1169 3037 vituperabile,
1206 2984 1250 3022 et
1279 2977 1492 3035 quidquid
1523 2985 1752 3036 praeterea
1782 2976 2052 3034 repetitionis
2086 2983 2174 3032 est,
2210 2977 2308 3035 ipsa
2339 2978 2561 3022 sententia

457 3053 718 3110 procreavit.
779 3053 834 3097 In
865 3054 1000 3098 satira
1031 3053 1201 3097 decima
1232 3059 1358 3097 sexta
1386 3053 1571 3111 legimus
1603 3070 1644 3095 v.
1669 3054 1722 3095 17

1329 3130 1559 3171 iustissima
1591 3127 1893 3170 centurionum

935 3202 1140 3261 cognitio
1173 3210 1241 3247 est
1271 3203 1403 3260 igitur
1433 3202 1487 3246 de
1519 3202 1669 3257 milite,
1698 3188 1781 3245 nee
1812 3202 1918 3245 mihi
1950 3201 2065 3245 derit

2224 3280 2290 3329 4.
