2983 3808
1502 131 1565 178 28

950 265 1090 319 Ultio,
1122 265 1160 308 si
1190 266 1325 308 iustae
1355 263 1546 308 defertur
1576 278 1709 308 causa
1738 264 1974 321 querellae,

478 342 523 385 in
546 340 706 398 quibus
739 341 861 398 (nam
875 338 1144 383 Weidnerus
1173 338 1386 382 inutiliter
1406 340 1654 397 argutatur)
1685 340 1791 382 ium·
1816 338 1938 382 notio
1970 352 2070 383 cum
2100 339 2362 398 repetitione
2382 339 2588 384 'variatum

478 415 547 458 cf.
568 415 674 458 ibid.
693 417 720 457 9
743 421 787 457 et
805 416 874 456 10.
924 413 1183 469 Quodvero
1204 413 1311 456 dicit
1341 413 1445 455 liber·
1463 428 1548 456 non
1567 414 1648 455 em't
1673 413 1775 466 illie,
1808 412 1991 455 extremi
2012 418 2292 472 contemptus
2323 414 2587 473 significatio

477 495 565 543 est,
605 490 693 544 qua
722 489 766 530 vi
795 489 1052 544 Propertius
1091 487 1245 530 scribit
1277 488 1319 540 2,
1342 488 1385 540 8,
1410 489 1463 530 15
1496 487 1766 543 ecquandone
1803 486 1881 529 tibi
1916 486 2019 528 liber
2048 502 2142 529 sum
2179 489 2321 530 minue?
2361 504 2420 530 an
2455 503 2587 545 usque

476 561 531 607 In
566 569 754 607 noetrum
788 562 917 607 iacies
953 560 1077 606 verba
1115 560 1295 619 euperha
1331 560 1492 619 caput?
1528 566 1572 605 et
1603 557 1759 604 Cicero
1791 557 1848 603 ad
1878 559 2077 604 Atticum
2111 563 2153 624 l,
2178 562 2247 621 18,
2269 564 2296 606 3
2328 562 2391 606 ita
2420 563 2589 607 iocatur

478 638 634 682 acerbe
666 652 925 696 quamquam
954 637 1026 680 ille
1048 644 1200 695 pastor
1230 635 1390 679 Idaeus
1420 635 1659 679 Menelaum
1689 635 1822 678 solum
1852 641 2166 693 contempserat,
2197 636 2263 679 hic
2293 645 2432 681 noster
2457 638 2589 682 Paris

478 719 566 755 tam
585 712 824 755 Menelaum
849 725 980 770 quam
998 711 1353 770 Aqamemnonem
1374 710 1551 754 liberum
1570 724 1654 753 non
1671 709 1864 767 putavit3
1894 707 2098 766 idemque
2118 709 2371 761 in·Actione
2395 711 2589 756 secunda

476 786 523 828 in
543 785 730 829 Verrem
754 787 796 840 1,
815 786 890 840 47,
914 786 998 828 123
1029 785 1382 843 quemadmodum
1410 786 1488 827 iate
1519 786 1804 828 tenuim'mum
1834 797 2035 841 quemque
2063 786 2366 842 contempserit,
2398 786 2589 844 despexe-

477 861 554 914 rit,
595 860 770 903 liberum
799 873 883 902 esse
912 873 1149 917 numquam
1179 860 1359 902 duxerit.
1423 857 1722 914 Quamobrem
1753 858 1791 902 si
1823 857 1898 915 qui
1928 872 2082 901 versus
2114 872 2226 915 quos
2256 873 2338 902 nec
2368 860 2588 904 sententia

476 948 562 978 nec
593 935 736 978 oratio
768 934 931 991 culpat,
966 939 1114 977 tamen
1145 933 1417 977 damnandos
1449 949 1547 977 esse
1577 933 1728 988 instat,
1766 947 1821 976 ex
1852 932 2065 976 sermonis
2094 932 2249 976 itinere
2279 948 2482 990 promere
2513 934 2591 979 de-

477 1008 619 1064 bebit,
658 1009 818 1066 quibus
850 1009 1173 1053 accusationem
1202 1008 1366 1052 fulciat.
1430 1008 1502 1052 De
1533 1023 1586 1052 eo
1618 1023 1721 1051 vero
1758 1022 1841 1051 nos
1876 1008 1942 1050 ita
1975 1006 2221 1051 iudicamus
2250 1013 2302 1050 ut
2330 1008 2454 1052 locus
2491 1010 2588 1067 ipse

478 1098 568 1140 quo
598 1084 734 1141 positi
766 1084 854 1128 sint
883 1098 1038 1127 versus
1068 1083 1140 1126 vel
1169 1083 1356 1126 maxime
1387 1097 1515 1126 veros
1548 1097 1646 1126 esse
1675 1082 1846 1141 probet.
1898 1081 2076 1125 Etenim
2107 1086 2342 1140 postquam
2362 1082 2589 1129 Naevolus

480 1158 587 1214 quid
617 1159 663 1201 in
685 1158 816 1202 domo
847 1159 992 1201 mariti
1022 1158 1188 1216 pathici
1220 1159 1359 1217 egerit
1390 1173 1489 1201 cum
1520 1158 1829 1201 interlocutore
1861 1157 2261 1215 communicavit·)‚
2292 1173 2479 1215 eumque
2509 1159 2590 1202 im-

478 1248 616 1290 pense
648 1233 901 1277 obsecravit
931 1239 981 1276 ut
1011 1233 1093 1277 soli
1124 1234 1357 1277 commissa
1386 1238 1553 1286 taceat,
1585 1232 1658 1276 ille
1689 1232 1878 1276 Naevoli
1910 1231 2172 1275 dementiam
2200 1231 2337 1287 ridet,
2371 1232 2446 1290 qui
2477 1249 2591 1291 quae

475 1307 521 1350 in
553 1307 684 1350 domo
715 1307 866 1351 divitis
895 1307 1006 1351 fiant
1034 1308 1169 1350 tacita
1198 1307 1349 1350 haberi
1381 1323 1513 1364 posse
1543 1313 1682 1364 putet.

807 1383 892 1426 102
957 1381 999 1427 O
1032 1381 1257 1441 Corydon,
1288 1381 1512 1441 Corydon,
1542 1389 1759 1426 secretum
1791 1381 1939 1426 divitis
1969 1381 2105 1426 ullum

955 1457 1070 1500 Esse
1101 1456 1261 1514 putas?
1306 1458 1419 1500 servi
1451 1463 1501 1499 ut
1529 1463 1720 1512 taceant,
1749 1458 1946 1500 iumenta
1975 1457 2210 1512 loquentur

954 1531 1016 1574 Et
1047 1531 1166 1574 canis
1199 1537 1243 1574 et
1273 1538 1426 1588 postes
1459 1538 1503 1574 et
1532 1546 1759 1575 marmora.
1809 1531 1965 1575 claude
1995 1531 2225 1585 fenestras,

809 1606 891 1650 105
955 1605 1068 1649 Vela
1097 1611 1252 1663 tegant
1281 1606 1429 1659 rimas,
1461 1606 1593 1663 iunge
1625 1606 1756 1660 ostia,
1786 1606 1925 1649 tollite
1956 1606 2102 1649 lumen

952 1680 993 1722 E
1025 1679 1186 1733 medio,
1219 1680 1393 1723 iaceant
1423 1694 1591 1733 omnes,
1621 1694 1758 1736 prope
1787 1695 1916 1723 nemo
1948 1679 2191 1723 recumbat:

678 1894 719 1943 ⁴‘)
755 1894 801 1931 In
831 1895 906 1932 bac
935 1894 1114 1932 oratione
1143 1892 1316 1932 Naevoli
1346 1894 1444 1932 haec
1473 1894 1656 1942 leguntur

951 1961 1142 2000 Instabile
1172 1974 1219 2000 ac
1249 1961 1378 1999 dirimi
1407 1966 1593 2011 coeptum
1622 1967 1662 2000 et
1690 1961 1768 1999 iam
1798 1973 1922 2010 paene
1945 1961 2128 1999 solutum

836 2028 889 2067 80
947 2027 1187 2080 Coniugium
1217 2029 1259 2067 in
1288 2028 1421 2067 multis
1449 2028 1632 2067 domibus
1663 2028 1840 2067 servavit
1868 2027 2041 2067 adulter:

950 2095 1042 2145 Quo
1071 2102 1110 2134 te
1141 2097 1401 2146 circumagens,
1431 2107 1533 2146 qnae
1561 2096 1690 2147 prima
1717 2101 1786 2134 aut
1813 2094 1955 2134 ultima
1983 2095 2137 2145 ponas?

477 2163 632 2202 Versus
662 2163 741 2201 duo
777 2163 931 2213 priores
969 2163 1131 2201 eiiciunt
1167 2175 1256 2201 cum
1286 2163 1356 2200 alii
1385 2168 1468 2201 tum
1497 2162 1746 2201 Ribbeckius
1775 2162 1844 2212 qui
1873 2162 2046 2201 ieiunam
2076 2162 2126 2202 iis
2163 2163 2221 2202 rei
2249 2170 2384 2215 gestae
2413 2165 2587 2205 affirma·

475 2232 625 2270 tionem
661 2230 856 2269 contineri
893 2231 1032 2269 scribit
1065 2231 1176 2269 nullo
1220 2238 1337 2281 pacto
1373 2243 1462 2269 cum
1499 2229 1669 2269 Naevoli
1705 2229 1932 2268 narratione
1968 2230 2153 2269 iunctam.
2213 2230 2391 2271 Tertium
2426 2245 2584 2273 versum

474 2311 552 2338 non
583 2298 854 2344 adverterunt,
891 2298 932 2336 in
961 2311 1040 2350 quo
1069 2298 1308 2348 explicando
1337 2310 1453 2349 aegre
1482 2298 1646 2336 ferimus
1677 2298 1783 2349 quod
1813 2298 2068 2348 interpretes,
2105 2310 2206 2349 quos
2235 2299 2430 2352 inspicere
2458 2301 2583 2350 licuit,

476 2367 635 2405 minime
665 2366 918 2404 satisfaciunt
945 2379 1071 2415 neque
1101 2367 1216 2404 nobis
1245 2367 1410 2416 contigit
1439 2373 1483 2404 ut
1512 2367 1610 2404 satis
1638 2371 1747 2403 certo
1776 2365 2066 2414 expediremus.
2124 2367 2318 2405 Putamus
2349 2376 2480 2405 autem
2508 2370 2586 2408 hoc

474 2435 569 2473 dici:
608 2434 693 2480 Quo
721 2434 777 2483 (h.
801 2446 834 2471 e.
866 2434 982 2483 quid)
1019 2440 1052 2472 te
1081 2436 1317 2482 circumaqas
1346 2438 1416 2471 aut
1442 2446 1540 2482 quae
1569 2435 1698 2482 prima
1733 2433 1869 2471 ultima
1900 2434 2050 2482 ponas?
2082 2434 2217 2484 itaque
2252 2435 2586 2487 interpunximus.

475 2501 555 2541 Sed
584 2502 661 2539 hoc
690 2507 780 2540 utut
808 2508 883 2548 est,
912 2507 1063 2540 tantum
1093 2501 1313 2551 intelligere
1343 2501 1534 2548 videmur,
1565 2501 1670 2539 hunc
1699 2500 1856 2539 tertium
1885 2514 2043 2539 versum
2073 2502 2275 2541 artissimo
2304 2504 2466 2542 vinculo
2495 2517 2585 2543 cum

474 2569 632 2607 duobus
660 2569 932 2619 superioribus
951 2569 1166 2618 constringi
1196 2569 1253 2607 ita
1280 2574 1323 2606 ut
1351 2581 1423 2606 nec
1450 2568 1510 2606 illi
1540 2568 1625 2606 sine
1654 2568 1730 2606 hoc
1758 2580 1830 2606 nec
1859 2568 1921 2607 hic
1941 2568 2026 2607 sine
2051 2569 2130 2607 illis
2153 2569 2284 2609 locum
2314 2572 2413 2609 tueri
2443 2574 2584 2622 possit.

472 2636 632 2677 Etenim
660 2635 881 2685 Naevolus,
919 2637 1107 2675 maritum
1135 2642 1302 2675 testatus
1331 2648 1373 2675 se
1404 2648 1479 2676 sua
1508 2637 1655 2675 virtute
1686 2649 1851 2675 uxorem
1882 2637 2024 2676 marito
2053 2637 2264 2688 impotenti
2291 2628 2584 2689 reconciliasse,

473 2705 661 2755 quoniam
690 2705 803 2743 illum
833 2705 886 2743 ad
915 2705 1014 2743 haec
1043 2704 1170 2743 relata
1198 2698 1474 2755 αἰσχυνόμενον
1495 2700 1681 2757 διαπορεῖν
1709 2696 1773 2740 nai
1801 2698 1849 2749 μὴ
1878 2700 1980 2742 κατὰ
2008 2699 2142 2758 χώραν
2164 2699 2280 2748 με’νειν
2299 2707 2498 2758 intelligit,
2527 2709 2585 2747 ita

473 2771 687 2812 consolans
716 2772 858 2812 acerbe
887 2771 1082 2823 appellat:
1119 2770 1225 2818 Quid
1251 2773 1512 2823 teryiversarie
1541 2777 1608 2810 aut
1637 2783 1711 2822 quo
1742 2777 1776 2809 te
1804 2772 2054 2822 circumaqist
2086 2785 2147 2812 res
2175 2774 2348 2824 vulgaris
2383 2782 2439 2815 eet
2473 2783 2510 2815 et
2542 2779 2584 2815 in

472 2841 601 2880 multis
630 2840 798 2879 domibus
827 2840 964 2879 accidit
998 2845 1042 2878 ut
1075 2839 1225 2878 adulter
1252 2839 1427 2878 instabile
1461 2852 1507 2878 ae
1542 2842 1619 2878 iam
1648 2851 1772 2890 paene
1800 2839 1962 2878 solutum
1989 2842 2202 2891 coniuqium
2236 2851 2415 2882 amaret,
2472 2842 2580 2883 Nam

472 2908 766 2947 coniunctivum
795 2909 836 2947 in
866 2908 941 2947 hoc
969 2919 1113 2959 genere
1141 2907 1462 2958 interrogationis
1492 2907 1707 2946 firmabunt
1738 2906 1802 2953 10,
1824 2906 1903 2946 292
1931 2904 2010 2946 ‘our
2029 2905 2165 2947 tamen’
2193 2911 2318 2961 inquit
2341 2907 2579 2962 ‘Com-ipius?

465 2976 634 3024 pulchra
666 2977 808 3026 qaudet
836 2975 991 3013 Latona
1018 2971 1187 3021 Diana'3
1223 2980 1263 3012 et
1292 2975 1331 3022 8,
1356 2976 1418 3013 13.
1477 2973 1595 3024 Quod
1625 2973 1993 3013 vero'Ribbeckius
2029 2977 2147 3014 etiam
2178 2978 2380 3017 cumulata
2407 2978 2583 3029 epitheta

472 3043 670 3093 vituperat
697 3044 873 3081 instabile
900 3056 947 3080 ac
975 3044 1105 3080 dirimi
1132 3050 1297 3092 coeptum
1326 3049 1361 3080 et
1387 3045 1464 3081 iam
1488 3054 1614 3092 paene
1642 3042 1818 3088 solutum,
1852 3043 1950 3080 satis
1979 3049 2041 3081 est
2069 3055 2122 3081 ex
2150 3044 2286 3083 eadem
2316 3046 2441 3085 satira
2468 3046 2583 3086 citari

471 3109 562 3159 (46)
592 3112 662 3148 sed
687 3118 728 3148 tu
755 3123 847 3149 sane
876 3118 1041 3148 tenerum
1071 3117 1106 3148 et
1128 3123 1292 3159 puerum
1319 3117 1353 3148 te
1372 3112 1427 3148 Et
1449 3111 1653 3160 pulchrum
1682 3116 1717 3147 et
1735 3111 1889 3159 diqnum
1918 3111 2050 3160 cyatho
2073 3113 2247 3162 caeloque
2269 3114 2461 3164 putabam
2489 3126 2581 3165 pos-

470 3184 564 3216 sunt
592 3184 723 3217 autem
753 3191 804 3217 ex
833 3178 968 3217 multis
999 3178 1144 3216 similia
1173 3177 1319 3216 afferri.
