<?xml version="1.0" encoding="UTF-8"?>
<!DOCTYPE html PUBLIC "-//W3C//DTD XHTML 1.0 Transitional//EN"
    "http://www.w3.org/TR/xhtml1/DTD/xhtml1-transitional.dtd">
<html xmlns="http://www.w3.org/1999/xhtml" xml:lang="en" lang="en">
 <head>
  <title>
</title>
<meta http-equiv="Content-Type" content="text/html;charset=utf-8" />
  <meta name='ocr-system' content='tesseract 3.04.00' />
  <meta name='ocr-capabilities' content='ocr_page ocr_carea ocr_par ocr_line ocrx_word'/>
</head>
<body>
  <div class='ocr_page' id='page_1' title='image "4766202_0031.png"; bbox 0 0 2983 3808; ppageno 0'>
   <div class='ocr_carea' id='block_1_1' title="bbox 1399 150 1462 198">
    <p class='ocr_par' dir='ltr' id='par_1_1' title="bbox 1399 150 1462 198">
     <span class='ocr_line' id='line_1_1' title="bbox 1399 150 1462 198; baseline 0.016 -1"><span class='ocrx_word' id='word_1_1' title='bbox 1399 150 1462 198; x_wconf 83' lang='lat'>23</span> 
     </span>
    </p>
   </div>
   <div class='ocr_carea' id='block_1_2' title="bbox 385 283 2487 865">
    <p class='ocr_par' dir='ltr' id='par_1_2' title="bbox 385 283 2487 865">
     <span class='ocr_line' id='line_1_2' title="bbox 385 283 2487 344; baseline -0 -14"><span class='ocrx_word' id='word_1_2' title='bbox 385 285 564 330; x_wconf 81' lang='lat' dir='ltr'>brevius</span> <span class='ocrx_word' id='word_1_3' title='bbox 601 290 653 328; x_wconf 93' lang='lat' dir='ltr'>ut</span> <span class='ocrx_word' id='word_1_4' title='bbox 679 284 750 328; x_wconf 83' lang='lat' dir='ltr'>vel</span> <span class='ocrx_word' id='word_1_5' title='bbox 786 299 921 328; x_wconf 89' lang='lat' dir='ltr'>unum</span> <span class='ocrx_word' id='word_1_6' title='bbox 951 284 1132 329; x_wconf 86' lang='lat' dir='ltr'>verbum</span> <span class='ocrx_word' id='word_1_7' title='bbox 1167 290 1422 342; x_wconf 83' lang='lat' dir='ltr'>poneretur,</span> <span class='ocrx_word' id='word_1_8' title='bbox 1459 283 1591 329; x_wconf 91' lang='lat' dir='ltr'>modo</span> <span class='ocrx_word' id='word_1_9' title='bbox 1631 283 1804 343; x_wconf 84' lang='lat' dir='ltr'>plenius</span> <span class='ocrx_word' id='word_1_10' title='bbox 1843 284 2041 344; x_wconf 88' lang='lat' dir='ltr'>pluribus</span> <span class='ocrx_word' id='word_1_11' title='bbox 2072 284 2218 329; x_wconf 86' lang='lat' dir='ltr'>verbis</span> <span class='ocrx_word' id='word_1_12' title='bbox 2255 284 2347 329; x_wconf 85' lang='lat' dir='ltr'>sive</span> <span class='ocrx_word' id='word_1_13' title='bbox 2387 299 2487 343; x_wconf 89' lang='lat' dir='ltr'>per-</span> 
     </span>
     <span class='ocr_line' id='line_1_3' title="bbox 390 357 2486 418; baseline -0.001 -13"><span class='ocrx_word' id='word_1_14' title='bbox 390 361 563 418; x_wconf 80' lang='lat' dir='ltr'><strong>scriptis</strong></span> <span class='ocrx_word' id='word_1_15' title='bbox 601 361 693 404; x_wconf 84' lang='lat' dir='ltr'>sive</span> <span class='ocrx_word' id='word_1_16' title='bbox 737 375 817 417; x_wconf 88' lang='lat' dir='ltr'>per</span> <span class='ocrx_word' id='word_1_17' title='bbox 853 361 1014 417; x_wconf 87' lang='lat' dir='ltr'>primas</span> <span class='ocrx_word' id='word_1_18' title='bbox 1040 360 1223 404; x_wconf 81' lang='lat' dir='ltr'>&#39;litteras</span> <span class='ocrx_word' id='word_1_19' title='bbox 1259 374 1418 403; x_wconf 80' lang='lat' dir='ltr'>vocum</span> <span class='ocrx_word' id='word_1_20' title='bbox 1453 359 1523 403; x_wconf 82' lang='lat' dir='ltr'>vel</span> <span class='ocrx_word' id='word_1_21' title='bbox 1563 357 1827 418; x_wconf 69' lang='lat' dir='ltr'><strong>syllabarum</strong></span> <span class='ocrx_word' id='word_1_22' title='bbox 1868 360 2043 403; x_wconf 89' lang='lat' dir='ltr'>notatis.</span> <span class='ocrx_word' id='word_1_23' title='bbox 2104 359 2238 404; x_wconf 87' lang='lat' dir='ltr'>Unde</span> <span class='ocrx_word' id='word_1_24' title='bbox 2275 374 2374 403; x_wconf 89' lang='lat' dir='ltr'>cum</span> <span class='ocrx_word' id='word_1_25' title='bbox 2412 360 2486 403; x_wconf 91' lang='lat' dir='ltr'>alii</span> 
     </span>
     <span class='ocr_line' id='line_1_4' title="bbox 389 432 2486 492; baseline -0 -14"><span class='ocrx_word' id='word_1_26' title='bbox 389 449 557 479; x_wconf 88' lang='lat' dir='ltr'>errores</span> <span class='ocrx_word' id='word_1_27' title='bbox 595 435 680 478; x_wconf 87' lang='lat' dir='ltr'>orti</span> <span class='ocrx_word' id='word_1_28' title='bbox 710 434 913 478; x_wconf 85' lang='lat' dir='ltr'>videntur</span> <span class='ocrx_word' id='word_1_29' title='bbox 943 439 1035 477; x_wconf 89' lang='lat' dir='ltr'>tum</span> <span class='ocrx_word' id='word_1_30' title='bbox 1071 433 1181 477; x_wconf 91' lang='lat' dir='ltr'>illud</span> <span class='ocrx_word' id='word_1_31' title='bbox 1218 434 1292 491; x_wconf 90' lang='lat' dir='ltr'>qui</span> <span class='ocrx_word' id='word_1_32' title='bbox 1328 433 1493 476; x_wconf 84' lang='lat' dir='ltr'>factum</span> <span class='ocrx_word' id='word_1_33' title='bbox 1525 434 1583 477; x_wconf 90' lang='lat' dir='ltr'>sit</span> <span class='ocrx_word' id='word_1_34' title='bbox 1618 432 1894 492; x_wconf 82' lang='lat' dir='ltr'>intelligitur,</span> <span class='ocrx_word' id='word_1_35' title='bbox 1930 440 1979 476; x_wconf 90' lang='lat' dir='ltr'>ut</span> <span class='ocrx_word' id='word_1_36' title='bbox 2008 435 2155 478; x_wconf 90' lang='lat' dir='ltr'>multis</span> <span class='ocrx_word' id='word_1_37' title='bbox 2186 435 2366 478; x_wconf 78' lang='lat' dir='ltr'>scholiis</span> <span class='ocrx_word' id='word_1_38' title='bbox 2396 450 2486 477; x_wconf 88' lang='lat' dir='ltr'>non</span> 
     </span>
     <span class='ocr_line' id='line_1_5' title="bbox 387 507 2486 569; baseline 0 -16"><span class='ocrx_word' id='word_1_39' title='bbox 387 509 456 554; x_wconf 86' lang='lat' dir='ltr'>sui</span> <span class='ocrx_word' id='word_1_40' title='bbox 485 525 653 554; x_wconf 69' lang='lat' dir='ltr'>versus⁴</span> <span class='ocrx_word' id='word_1_41' title='bbox 669 508 794 552; x_wconf 87' lang='lat' dir='ltr'>initia</span> <span class='ocrx_word' id='word_1_42' title='bbox 822 508 1017 567; x_wconf 87' lang='lat' dir='ltr'>finesque</span> <span class='ocrx_word' id='word_1_43' title='bbox 1046 508 1406 569; x_wconf 85' lang='lat' dir='ltr'>praefigerentur.</span> <span class='ocrx_word' id='word_1_44' title='bbox 1457 507 1585 552; x_wconf 87' lang='lat' dir='ltr'>Haec</span> <span class='ocrx_word' id='word_1_45' title='bbox 1615 522 1727 566; x_wconf 85' lang='lat' dir='ltr'>quae</span> <span class='ocrx_word' id='word_1_46' title='bbox 1757 509 1949 559; x_wconf 87' lang='lat' dir='ltr'>breviter</span> <span class='ocrx_word' id='word_1_47' title='bbox 1979 510 2273 567; x_wconf 85' lang='lat' dir='ltr'>significamus</span> <span class='ocrx_word' id='word_1_48' title='bbox 2305 509 2486 554; x_wconf 85' lang='lat' dir='ltr'>scholiis</span> 
     </span>
     <span class='ocr_line' id='line_1_6' title="bbox 387 582 2486 641; baseline -0 -13"><span class='ocrx_word' id='word_1_49' title='bbox 387 583 445 628; x_wconf 91' lang='lat' dir='ltr'>ad</span> <span class='ocrx_word' id='word_1_50' title='bbox 483 584 613 628; x_wconf 87' lang='lat' dir='ltr'>istam</span> <span class='ocrx_word' id='word_1_51' title='bbox 650 584 862 627; x_wconf 91' lang='lat' dir='ltr'>rationem</span> <span class='ocrx_word' id='word_1_52' title='bbox 898 583 1120 628; x_wconf 84' lang='lat' dir='ltr'>adornatis</span> <span class='ocrx_word' id='word_1_53' title='bbox 1158 589 1249 627; x_wconf 88' lang='lat' dir='ltr'>tam</span> <span class='ocrx_word' id='word_1_54' title='bbox 1286 583 1414 627; x_wconf 81' lang='lat' dir='ltr'>facile</span> <span class='ocrx_word' id='word_1_55' title='bbox 1452 589 1521 627; x_wconf 90' lang='lat' dir='ltr'>est</span> <span class='ocrx_word' id='word_1_56' title='bbox 1554 582 1803 640; x_wconf 81' lang='lat' dir='ltr'><strong>patefacere</strong></span> <span class='ocrx_word' id='word_1_57' title='bbox 1841 598 1970 639; x_wconf 90' lang='lat' dir='ltr'>quam</span> <span class='ocrx_word' id='word_1_58' title='bbox 2007 583 2269 641; x_wconf 90' lang='lat' dir='ltr'>disputando</span> <span class='ocrx_word' id='word_1_59' title='bbox 2300 583 2369 627; x_wconf 80' lang='lat' dir='ltr'>vel</span> <span class='ocrx_word' id='word_1_60' title='bbox 2405 599 2486 640; x_wconf 90' lang='lat' dir='ltr'>per</span> 
     </span>
     <span class='ocr_line' id='line_1_7' title="bbox 387 655 2485 717; baseline -0 -16"><span class='ocrx_word' id='word_1_61' title='bbox 387 655 595 717; x_wconf 81' lang='lat' dir='ltr'>ambages</span> <span class='ocrx_word' id='word_1_62' title='bbox 628 657 859 715; x_wconf 82' lang='lat' dir='ltr'>explanare</span> <span class='ocrx_word' id='word_1_63' title='bbox 890 656 1079 701; x_wconf 81' lang='lat' dir='ltr'>difficile.</span> <span class='ocrx_word' id='word_1_64' title='bbox 1140 657 1297 714; x_wconf 89' lang='lat' dir='ltr'>Itaque</span> <span class='ocrx_word' id='word_1_65' title='bbox 1332 671 1475 715; x_wconf 89' lang='lat' dir='ltr'>pauca</span> <span class='ocrx_word' id='word_1_66' title='bbox 1510 657 1769 713; x_wconf 86' lang='lat' dir='ltr'>minimeque</span> <span class='ocrx_word' id='word_1_67' title='bbox 1805 656 2017 714; x_wconf 85' lang='lat' dir='ltr'>impedita</span> <span class='ocrx_word' id='word_1_68' title='bbox 2052 657 2249 716; x_wconf 87' lang='lat' dir='ltr'>exempla</span> <span class='ocrx_word' id='word_1_69' title='bbox 2286 657 2485 715; x_wconf 85' lang='lat' dir='ltr'>excerpi-</span> 
     </span>
     <span class='ocr_line' id='line_1_8' title="bbox 386 730 2484 791; baseline -0.001 -14"><span class='ocrx_word' id='word_1_70' title='bbox 386 748 505 788; x_wconf 89' lang='lat' dir='ltr'>mus,</span> <span class='ocrx_word' id='word_1_71' title='bbox 544 746 683 791; x_wconf 88' lang='lat' dir='ltr'>genus</span> <span class='ocrx_word' id='word_1_72' title='bbox 722 732 866 789; x_wconf 89' lang='lat' dir='ltr'>ipsum</span> <span class='ocrx_word' id='word_1_73' title='bbox 897 737 947 774; x_wconf 90' lang='lat' dir='ltr'>ut</span> <span class='ocrx_word' id='word_1_74' title='bbox 977 731 1248 790; x_wconf 84' lang='lat' dir='ltr'>significetur</span> <span class='ocrx_word' id='word_1_75' title='bbox 1277 732 1476 788; x_wconf 86' lang='lat' dir='ltr'>ratioque</span> <span class='ocrx_word' id='word_1_76' title='bbox 1507 731 1730 789; x_wconf 86' lang='lat' dir='ltr'>aperiatur</span> <span class='ocrx_word' id='word_1_77' title='bbox 1759 730 1852 775; x_wconf 89' lang='lat' dir='ltr'>eius</span> <span class='ocrx_word' id='word_1_78' title='bbox 1890 731 2044 775; x_wconf 88' lang='lat' dir='ltr'>scholii</span> <span class='ocrx_word' id='word_1_79' title='bbox 2083 747 2137 775; x_wconf 85' lang='lat' dir='ltr'>ex</span> <span class='ocrx_word' id='word_1_80' title='bbox 2169 747 2255 789; x_wconf 92' lang='lat' dir='ltr'>quo</span> <span class='ocrx_word' id='word_1_81' title='bbox 2287 731 2331 774; x_wconf 89' lang='lat' dir='ltr'>in</span> <span class='ocrx_word' id='word_1_82' title='bbox 2369 730 2484 775; x_wconf 87' lang='lat' dir='ltr'>hanc</span> 
     </span>
     <span class='ocr_line' id='line_1_9' title="bbox 386 806 1117 865; baseline -0.001 -14"><span class='ocrx_word' id='word_1_83' title='bbox 386 807 726 865; x_wconf 89' lang='lat' dir='ltr'>disputationem</span> <span class='ocrx_word' id='word_1_84' title='bbox 757 806 924 863; x_wconf 80' lang='lat' dir='ltr'>delapsi</span> <span class='ocrx_word' id='word_1_85' title='bbox 954 821 1117 850; x_wconf 92' lang='lat' dir='ltr'>sumus.</span> 
     </span>
    </p>
   </div>
   <div class='ocr_carea' id='block_1_3' title="bbox 383 897 2483 3175">
    <p class='ocr_par' dir='ltr' id='par_1_3' title="bbox 543 897 2041 948">
     <span class='ocr_line' id='line_1_10' title="bbox 543 897 2041 948; baseline -0.001 -12"><span class='ocrx_word' id='word_1_86' title='bbox 543 910 589 947; x_wconf 88' lang='lat'>11,</span> <span class='ocrx_word' id='word_1_87' title='bbox 619 899 682 936; x_wconf 90' lang='lat'><strong>13.</strong></span> <span class='ocrx_word' id='word_1_88' title='bbox 712 908 933 936; x_wconf 74' lang='lat' dir='ltr'>MARISCAE.</span> <span class='ocrx_word' id='word_1_89' title='bbox 977 910 1068 936; x_wconf 88' lang='lat' dir='ltr'>nam</span> <span class='ocrx_word' id='word_1_90' title='bbox 1097 898 1346 936; x_wconf 84' lang='lat' dir='ltr'>invenientes</span> <span class='ocrx_word' id='word_1_91' title='bbox 1376 897 1503 947; x_wconf 87' lang='lat' dir='ltr'>stupri</span> <span class='ocrx_word' id='word_1_92' title='bbox 1533 897 1703 948; x_wconf 85' lang='lat' dir='ltr'>vestigia</span> <span class='ocrx_word' id='word_1_93' title='bbox 1730 897 1871 936; x_wconf 89' lang='lat' dir='ltr'>medici</span> <span class='ocrx_word' id='word_1_94' title='bbox 1901 897 2041 936; x_wconf 84' lang='lat' dir='ltr'>rident.</span> 
     </span>
    </p>

    <p class='ocr_par' dir='ltr' id='par_1_4' title="bbox 387 963 2482 1085">
     <span class='ocr_line' id='line_1_11' title="bbox 618 963 2482 1018; baseline -0.001 -13"><span class='ocrx_word' id='word_1_95' title='bbox 618 966 683 1005; x_wconf 79' lang='lat'><strong>28.</strong></span> <span class='ocrx_word' id='word_1_96' title='bbox 712 966 761 1003; x_wconf 73' lang='lat' dir='ltr'>In</span> <span class='ocrx_word' id='word_1_97' title='bbox 790 975 988 1004; x_wconf 74' lang='lat' dir='ltr'>TABULAM</span> <span class='ocrx_word' id='word_1_98' title='bbox 1019 975 1192 1004; x_wconf 76' lang='lat' dir='ltr'><strong>SYLLAE.</strong></span> <span class='ocrx_word' id='word_1_99' title='bbox 1230 965 1554 1017; x_wconf 85' lang='lat' dir='ltr'>proscriptorum.</span> <span class='ocrx_word' id='word_1_100' title='bbox 1595 964 1746 1004; x_wconf 88' lang='lat' dir='ltr'>Caesar</span> <span class='ocrx_word' id='word_1_101' title='bbox 1765 964 1982 1017; x_wconf 88' lang='lat' dir='ltr'>Pompeius</span> <span class='ocrx_word' id='word_1_102' title='bbox 2011 971 2050 1003; x_wconf 87' lang='lat' dir='ltr'>et</span> <span class='ocrx_word' id='word_1_103' title='bbox 2070 963 2243 1005; x_wconf 79' lang='lat' dir='ltr'>Crassus</span> <span class='ocrx_word' id='word_1_104' title='bbox 2264 965 2327 1005; x_wconf 86' lang='lat' dir='ltr'>vel</span> <span class='ocrx_word' id='word_1_105' title='bbox 2346 967 2482 1018; x_wconf 88' lang='lat' dir='ltr'>Augu-</span> 
     </span>
     <span class='ocr_line' id='line_1_12' title="bbox 387 1035 920 1085; baseline -0.006 -11"><span class='ocrx_word' id='word_1_106' title='bbox 387 1042 474 1075; x_wconf 90' lang='lat' dir='ltr'>stus</span> <span class='ocrx_word' id='word_1_107' title='bbox 502 1035 679 1085; x_wconf 82' lang='lat' dir='ltr'>Lepidus</span> <span class='ocrx_word' id='word_1_108' title='bbox 706 1035 920 1072; x_wconf 84' lang='lat' dir='ltr'>Antonius.</span> 
     </span>
    </p>

    <p class='ocr_par' dir='ltr' id='par_1_5' title="bbox 386 1100 2483 1287">
     <span class='ocr_line' id='line_1_13' title="bbox 619 1100 2483 1151; baseline -0.001 -11"><span class='ocrx_word' id='word_1_109' title='bbox 619 1102 684 1140; x_wconf 84' lang='lat'><strong>37.</strong></span> <span class='ocrx_word' id='word_1_110' title='bbox 715 1100 979 1140; x_wconf 73' lang='lat' dir='ltr'>CLAMANTEM</span> <span class='ocrx_word' id='word_1_111' title='bbox 1007 1112 1043 1139; x_wconf 79' lang='grc' dir='ltr'><strong>τ.</strong></span> <span class='ocrx_word' id='word_1_112' title='bbox 1064 1112 1102 1139; x_wconf 93' lang='lat' dir='ltr'>U.</span> <span class='ocrx_word' id='word_1_113' title='bbox 1124 1112 1164 1138; x_wconf 70' lang='lat' dir='ltr'>n.</span> <span class='ocrx_word' id='word_1_114' title='bbox 1184 1112 1223 1138; x_wconf 86' lang='lat'><strong>1..</strong></span> <span class='ocrx_word' id='word_1_115' title='bbox 1265 1100 1391 1139; x_wconf 89' lang='lat' dir='ltr'>Iulius</span> <span class='ocrx_word' id='word_1_116' title='bbox 1419 1102 1523 1139; x_wconf 90' lang='lat' dir='ltr'>enim</span> <span class='ocrx_word' id='word_1_117' title='bbox 1543 1100 1693 1140; x_wconf 88' lang='lat' dir='ltr'>Caesar</span> <span class='ocrx_word' id='word_1_118' title='bbox 1712 1101 1875 1140; x_wconf 82' lang='lat' dir='ltr'>dederat</span> <span class='ocrx_word' id='word_1_119' title='bbox 1901 1100 2030 1151; x_wconf 73' lang='lat' dir='ltr'>legem</span> <span class='ocrx_word' id='word_1_120' title='bbox 2050 1101 2100 1139; x_wconf 90' lang='lat' dir='ltr'>de</span> <span class='ocrx_word' id='word_1_121' title='bbox 2119 1100 2353 1139; x_wconf 76' lang='lat' dir='ltr'>damnandis</span> <span class='ocrx_word' id='word_1_122' title='bbox 2373 1101 2483 1140; x_wconf 86' lang='lat' dir='ltr'>adul-</span> 
     </span>
     <span class='ocr_line' id='line_1_14' title="bbox 386 1167 2483 1221; baseline -0.001 -10"><span class='ocrx_word' id='word_1_123' title='bbox 386 1171 497 1211; x_wconf 88' lang='lat' dir='ltr'>teris.</span> <span class='ocrx_word' id='word_1_124' title='bbox 542 1168 630 1221; x_wconf 90' lang='lat' dir='ltr'>(ubi</span> <span class='ocrx_word' id='word_1_125' title='bbox 656 1169 773 1209; x_wconf 84' lang='lat' dir='ltr'>facile</span> <span class='ocrx_word' id='word_1_126' title='bbox 802 1175 887 1208; x_wconf 91' lang='lat' dir='ltr'>erat</span> <span class='ocrx_word' id='word_1_127' title='bbox 915 1168 1009 1207; x_wconf 90' lang='lat' dir='ltr'>addi</span> <span class='ocrx_word' id='word_1_128' title='bbox 1038 1179 1066 1207; x_wconf 92' lang='lat'><strong>1.</strong></span> <span class='ocrx_word' id='word_1_129' title='bbox 1093 1168 1130 1206; x_wconf 94' lang='lat' dir='ltr'>h.</span> <span class='ocrx_word' id='word_1_130' title='bbox 1153 1181 1188 1207; x_wconf 91' lang='lat' dir='ltr'>e.</span> <span class='ocrx_word' id='word_1_131' title='bbox 1214 1168 1317 1207; x_wconf 81' lang='lat' dir='ltr'>Iulia</span> <span class='ocrx_word' id='word_1_132' title='bbox 1343 1168 1450 1220; x_wconf 89' lang='lat' dir='ltr'>quod</span> <span class='ocrx_word' id='word_1_133' title='bbox 1479 1169 1711 1221; x_wconf 80' lang='lat' dir='ltr'>explicatur,</span> <span class='ocrx_word' id='word_1_134' title='bbox 1749 1168 1819 1208; x_wconf 89' lang='lat' dir='ltr'>sed</span> <span class='ocrx_word' id='word_1_135' title='bbox 1856 1180 1929 1208; x_wconf 88' lang='lat' dir='ltr'>nec</span> <span class='ocrx_word' id='word_1_136' title='bbox 1956 1167 2121 1208; x_wconf 80' lang='lat' dir='ltr'>Iahnius</span> <span class='ocrx_word' id='word_1_137' title='bbox 2157 1168 2308 1208; x_wconf 84' lang='lat' dir='ltr'>addidit</span> <span class='ocrx_word' id='word_1_138' title='bbox 2341 1176 2380 1208; x_wconf 90' lang='lat' dir='ltr'>et</span> <span class='ocrx_word' id='word_1_139' title='bbox 2413 1169 2483 1209; x_wconf 88' lang='lat' dir='ltr'>ad-</span> 
     </span>
     <span class='ocr_line' id='line_1_15' title="bbox 386 1231 1133 1287; baseline -0.004 -10"><span class='ocrx_word' id='word_1_140' title='bbox 386 1239 532 1278; x_wconf 87' lang='lat' dir='ltr'>iectum</span> <span class='ocrx_word' id='word_1_141' title='bbox 560 1237 686 1277; x_wconf 83' lang='lat' dir='ltr'>fuisse</span> <span class='ocrx_word' id='word_1_142' title='bbox 714 1237 804 1287; x_wconf 87' lang='lat' dir='ltr'>quis</span> <span class='ocrx_word' id='word_1_143' title='bbox 831 1231 1133 1285; x_wconf 80' lang='lat' dir='ltr'>affirmaverit?)</span> 
     </span>
    </p>

    <p class='ocr_par' dir='ltr' id='par_1_6' title="bbox 618 1303 1956 1343">
     <span class='ocr_line' id='line_1_16' title="bbox 618 1303 1956 1343; baseline -0.001 0"><span class='ocrx_word' id='word_1_144' title='bbox 618 1305 685 1343; x_wconf 84' lang='lat'><strong>49.</strong></span> <span class='ocrx_word' id='word_1_145' title='bbox 715 1305 861 1342; x_wconf 71' lang='lat' dir='ltr'>MnnxA</span> <span class='ocrx_word' id='word_1_146' title='bbox 889 1313 973 1341; x_wconf 67' lang='lat' dir='ltr'>nou</span> <span class='ocrx_word' id='word_1_147' title='bbox 1000 1314 1172 1341; x_wconf 68' lang='lat' dir='ltr'>mnan.</span> <span class='ocrx_word' id='word_1_148' title='bbox 1217 1303 1378 1342; x_wconf 89' lang='lat' dir='ltr'>nomina</span> <span class='ocrx_word' id='word_1_149' title='bbox 1405 1304 1653 1342; x_wconf 85' lang='lat' dir='ltr'>meretricum</span> <span class='ocrx_word' id='word_1_150' title='bbox 1684 1304 1956 1343; x_wconf 74' lang='lat' dir='ltr'>lambentium.</span> 
     </span>
    </p>

    <p class='ocr_par' dir='ltr' id='par_1_7' title="bbox 619 1371 2279 1422">
     <span class='ocr_line' id='line_1_17' title="bbox 619 1371 2279 1422; baseline -0.001 -13"><span class='ocrx_word' id='word_1_151' title='bbox 619 1372 683 1410; x_wconf 86' lang='lat'><strong>79.</strong></span> <span class='ocrx_word' id='word_1_152' title='bbox 714 1372 776 1409; x_wconf 77' lang='grc' dir='ltr'>ΕΤ</span> <span class='ocrx_word' id='word_1_153' title='bbox 803 1383 932 1408; x_wconf 78' lang='lat' dir='ltr'>DAnu·</span> <span class='ocrx_word' id='word_1_154' title='bbox 960 1382 1002 1408; x_wconf 77' lang='lat' dir='ltr'>m</span> <span class='ocrx_word' id='word_1_155' title='bbox 1032 1382 1203 1409; x_wconf 76' lang='lat' dir='ltr'><strong>PLURES.</strong></span> <span class='ocrx_word' id='word_1_156' title='bbox 1249 1384 1322 1420; x_wconf 90' lang='lat' dir='ltr'>per</span> <span class='ocrx_word' id='word_1_157' title='bbox 1350 1377 1402 1416; x_wconf 87' lang='lat' dir='ltr'>te,</span> <span class='ocrx_word' id='word_1_158' title='bbox 1428 1371 1569 1421; x_wconf 86' lang='lat' dir='ltr'>inquit,</span> <span class='ocrx_word' id='word_1_159' title='bbox 1598 1371 1768 1418; x_wconf 89' lang='lat' dir='ltr'>Cretice,</span> <span class='ocrx_word' id='word_1_160' title='bbox 1796 1377 1838 1408; x_wconf 85' lang='lat' dir='ltr'>et</span> <span class='ocrx_word' id='word_1_161' title='bbox 1866 1371 1935 1409; x_wconf 89' lang='lat' dir='ltr'>alii</span> <span class='ocrx_word' id='word_1_162' title='bbox 1964 1378 2279 1422; x_wconf 88' lang='lat' dir='ltr'>corrumpuntur.</span> 
     </span>
    </p>

    <p class='ocr_par' dir='ltr' id='par_1_8' title="bbox 385 1438 2481 1557">
     <span class='ocr_line' id='line_1_18' title="bbox 618 1438 2481 1489; baseline -0.001 -10"><span class='ocrx_word' id='word_1_163' title='bbox 618 1440 683 1479; x_wconf 88' lang='grc'>89.</span> <span class='ocrx_word' id='word_1_164' title='bbox 715 1438 841 1479; x_wconf 76' lang='lat' dir='ltr'>Soms</span> <span class='ocrx_word' id='word_1_165' title='bbox 868 1449 952 1477; x_wconf 64' lang='grc' dir='ltr'>ΔΒΑ</span> <span class='ocrx_word' id='word_1_166' title='bbox 979 1450 1107 1477; x_wconf 74' lang='lat' dir='ltr'><strong>DEAE.</strong></span> <span class='ocrx_word' id='word_1_167' title='bbox 1151 1439 1249 1478; x_wconf 89' lang='lat' dir='ltr'>haec</span> <span class='ocrx_word' id='word_1_168' title='bbox 1269 1438 1426 1478; x_wconf 87' lang='lat' dir='ltr'>Cereris</span> <span class='ocrx_word' id='word_1_169' title='bbox 1447 1452 1562 1478; x_wconf 88' lang='lat' dir='ltr'>sacra</span> <span class='ocrx_word' id='word_1_170' title='bbox 1584 1439 1746 1478; x_wconf 87' lang='lat' dir='ltr'>faciunt.</span> <span class='ocrx_word' id='word_1_171' title='bbox 1790 1439 1947 1488; x_wconf 73' lang='lat' dir='ltr'>(uAREs</span> <span class='ocrx_word' id='word_1_172' title='bbox 1979 1438 2127 1478; x_wconf 88' lang='lat' dir='ltr'>scilicet</span> <span class='ocrx_word' id='word_1_173' title='bbox 2145 1440 2250 1489; x_wconf 86' lang='lat' dir='ltr'>quod</span> <span class='ocrx_word' id='word_1_174' title='bbox 2271 1452 2411 1478; x_wconf 91' lang='lat' dir='ltr'>nomen</span> <span class='ocrx_word' id='word_1_175' title='bbox 2442 1441 2481 1478; x_wconf 91' lang='lat' dir='ltr'>in</span> 
     </span>
     <span class='ocr_line' id='line_1_19' title="bbox 385 1507 946 1557; baseline -0.009 -8"><span class='ocrx_word' id='word_1_176' title='bbox 385 1521 505 1549; x_wconf 86' lang='lat' dir='ltr'>versu</span> <span class='ocrx_word' id='word_1_177' title='bbox 534 1508 667 1547; x_wconf 87' lang='lat' dir='ltr'>statim</span> <span class='ocrx_word' id='word_1_178' title='bbox 696 1507 946 1557; x_wconf 77' lang='lat' dir='ltr'>insequitur.)</span> 
     </span>
    </p>

    <p class='ocr_par' dir='ltr' id='par_1_9' title="bbox 385 1572 2482 1683">
     <span class='ocr_line' id='line_1_20' title="bbox 592 1572 2482 1624; baseline -0.001 -11"><span class='ocrx_word' id='word_1_179' title='bbox 592 1575 683 1613; x_wconf 88' lang='lat'><strong>103.</strong></span> <span class='ocrx_word' id='word_1_180' title='bbox 714 1574 919 1613; x_wconf 76' lang='lat' dir='ltr'>HISTORIA</span> <span class='ocrx_word' id='word_1_181' title='bbox 948 1583 1170 1614; x_wconf 74' lang='lat' dir='ltr'>SPECULUM</span> <span class='ocrx_word' id='word_1_182' title='bbox 1199 1584 1363 1613; x_wconf 77' lang='lat' dir='ltr'>cwlms.</span> <span class='ocrx_word' id='word_1_183' title='bbox 1405 1572 1513 1613; x_wconf 87' lang='lat' dir='ltr'>Otho</span> <span class='ocrx_word' id='word_1_184' title='bbox 1541 1573 1688 1612; x_wconf 89' lang='lat' dir='ltr'>bellum</span> <span class='ocrx_word' id='word_1_185' title='bbox 1709 1572 1824 1612; x_wconf 88' lang='lat' dir='ltr'>civile</span> <span class='ocrx_word' id='word_1_186' title='bbox 1852 1573 1980 1624; x_wconf 86' lang='lat' dir='ltr'>gessit</span> <span class='ocrx_word' id='word_1_187' title='bbox 2008 1586 2096 1612; x_wconf 89' lang='lat' dir='ltr'>cum</span> <span class='ocrx_word' id='word_1_188' title='bbox 2109 1572 2270 1612; x_wconf 77' lang='lat' dir='ltr'>Vitellio</span> <span class='ocrx_word' id='word_1_189' title='bbox 2299 1581 2338 1612; x_wconf 91' lang='lat' dir='ltr'>et</span> <span class='ocrx_word' id='word_1_190' title='bbox 2356 1575 2482 1612; x_wconf 89' lang='lat' dir='ltr'>victus</span> 
     </span>
     <span class='ocr_line' id='line_1_21' title="bbox 385 1640 930 1683; baseline -0.013 0"><span class='ocrx_word' id='word_1_191' title='bbox 385 1648 511 1683; x_wconf 91' lang='lat' dir='ltr'>semet</span> <span class='ocrx_word' id='word_1_192' title='bbox 539 1642 697 1680; x_wconf 89' lang='lat' dir='ltr'>occidit.</span> <span class='ocrx_word' id='word_1_193' title='bbox 925 1640 930 1645; x_wconf 87' lang='lat'>&#39;</span> 
     </span>
    </p>

    <p class='ocr_par' dir='ltr' id='par_1_10' title="bbox 386 1696 2482 1893">
     <span class='ocr_line' id='line_1_22' title="bbox 592 1696 2482 1759; baseline 0.001 -12"><span class='ocrx_word' id='word_1_194' title='bbox 592 1709 682 1748; x_wconf 88' lang='grc'><strong>105.</strong></span> <span class='ocrx_word' id='word_1_195' title='bbox 713 1709 774 1746; x_wconf 82' lang='grc' dir='ltr'>ΕΤ</span> <span class='ocrx_word' id='word_1_196' title='bbox 804 1719 968 1747; x_wconf 71' lang='lat' dir='ltr'>culum:</span> <span class='ocrx_word' id='word_1_197' title='bbox 998 1718 1151 1747; x_wconf 73' lang='lat' dir='ltr'>cursu.</span> <span class='ocrx_word' id='word_1_198' title='bbox 1195 1708 1344 1755; x_wconf 88' lang='lat' dir='ltr'>ironia,</span> <span class='ocrx_word' id='word_1_199' title='bbox 1381 1708 1540 1758; x_wconf 91' lang='lat' dir='ltr'>quando</span> <span class='ocrx_word' id='word_1_200' title='bbox 1569 1719 1704 1747; x_wconf 89' lang='lat' dir='ltr'>secum</span> <span class='ocrx_word' id='word_1_201' title='bbox 1736 1696 1940 1759; x_wconf 78' lang='lat' dir='ltr'>speculum</span> <span class='ocrx_word' id='word_1_202' title='bbox 1970 1713 2144 1759; x_wconf 84' lang='lat' dir='ltr'>portaret</span> <span class='ocrx_word' id='word_1_203' title='bbox 2173 1707 2317 1748; x_wconf 86' lang='lat' dir='ltr'>Galva.</span> <span class='ocrx_word' id='word_1_204' title='bbox 2365 1708 2482 1758; x_wconf 84' lang='lat' dir='ltr'>(haec</span> 
     </span>
     <span class='ocr_line' id='line_1_23' title="bbox 386 1775 2480 1826; baseline -0.001 -9"><span class='ocrx_word' id='word_1_205' title='bbox 386 1791 466 1817; x_wconf 89' lang='lat' dir='ltr'>non</span> <span class='ocrx_word' id='word_1_206' title='bbox 493 1784 600 1816; x_wconf 88' lang='lat' dir='ltr'>recte</span> <span class='ocrx_word' id='word_1_207' title='bbox 629 1777 814 1815; x_wconf 88' lang='lat' dir='ltr'>tractavit</span> <span class='ocrx_word' id='word_1_208' title='bbox 840 1776 1006 1814; x_wconf 84' lang='lat' dir='ltr'>Iahnius</span> <span class='ocrx_word' id='word_1_209' title='bbox 1035 1782 1127 1826; x_wconf 88' lang='lat' dir='ltr'>post</span> <span class='ocrx_word' id='word_1_210' title='bbox 1155 1786 1299 1814; x_wconf 71' lang='lat' dir='ltr'>curma</span> <span class='ocrx_word' id='word_1_211' title='bbox 1326 1776 1480 1814; x_wconf 90' lang='lat' dir='ltr'>inserta</span> <span class='ocrx_word' id='word_1_212' title='bbox 1508 1786 1688 1815; x_wconf 76' lang='lat' dir='ltr'>sAacmA</span> <span class='ocrx_word' id='word_1_213' title='bbox 1710 1785 1847 1814; x_wconf 68' lang='lat' dir='ltr'>num.</span> <span class='ocrx_word' id='word_1_214' title='bbox 1895 1775 2025 1814; x_wconf 80' lang='lat' dir='ltr'>Galva</span> <span class='ocrx_word' id='word_1_215' title='bbox 2053 1776 2092 1814; x_wconf 88' lang='lat' dir='ltr'>h.</span> <span class='ocrx_word' id='word_1_216' title='bbox 2112 1789 2145 1814; x_wconf 91' lang='lat' dir='ltr'>e.</span> <span class='ocrx_word' id='word_1_217' title='bbox 2167 1786 2335 1814; x_wconf 66' lang='lat' dir='ltr'>GALEAM</span> <span class='ocrx_word' id='word_1_218' title='bbox 2362 1776 2480 1815; x_wconf 82' lang='lat' dir='ltr'>finem</span> 
     </span>
     <span class='ocr_line' id='line_1_24' title="bbox 386 1842 1726 1893; baseline -0.002 -9"><span class='ocrx_word' id='word_1_219' title='bbox 386 1857 526 1884; x_wconf 86' lang='lat' dir='ltr'>versus</span> <span class='ocrx_word' id='word_1_220' title='bbox 557 1844 636 1883; x_wconf 90' lang='lat'>104</span> <span class='ocrx_word' id='word_1_221' title='bbox 664 1849 775 1881; x_wconf 87' lang='lat' dir='ltr'>notat</span> <span class='ocrx_word' id='word_1_222' title='bbox 804 1843 854 1881; x_wconf 88' lang='lat' dir='ltr'>ad</span> <span class='ocrx_word' id='word_1_223' title='bbox 883 1856 999 1893; x_wconf 91' lang='lat' dir='ltr'>quem</span> <span class='ocrx_word' id='word_1_224' title='bbox 1028 1843 1125 1881; x_wconf 90' lang='lat' dir='ltr'>haec</span> <span class='ocrx_word' id='word_1_225' title='bbox 1152 1843 1301 1881; x_wconf 86' lang='lat' dir='ltr'>rectius</span> <span class='ocrx_word' id='word_1_226' title='bbox 1331 1843 1533 1892; x_wconf 87' lang='lat' dir='ltr'>adscripta</span> <span class='ocrx_word' id='word_1_227' title='bbox 1560 1842 1726 1892; x_wconf 87' lang='lat' dir='ltr'>essent.)</span> 
     </span>
    </p>

    <p class='ocr_par' dir='ltr' id='par_1_11' title="bbox 386 1910 2481 2032">
     <span class='ocr_line' id='line_1_25' title="bbox 594 1910 2481 1961; baseline -0.001 -12"><span class='ocrx_word' id='word_1_228' title='bbox 594 1910 683 1949; x_wconf 81' lang='lat'><strong>121.</strong></span> <span class='ocrx_word' id='word_1_229' title='bbox 715 1910 752 1949; x_wconf 93' lang='grc' dir='ltr'>Ο</span> <span class='ocrx_word' id='word_1_230' title='bbox 782 1921 1011 1949; x_wconf 72' lang='lat' dir='ltr'>Pnocmms.</span> <span class='ocrx_word' id='word_1_231' title='bbox 1055 1922 1135 1959; x_wconf 89' lang='lat' dir='ltr'>quo</span> <span class='ocrx_word' id='word_1_232' title='bbox 1172 1910 1354 1948; x_wconf 89' lang='lat' dir='ltr'>emendet</span> <span class='ocrx_word' id='word_1_233' title='bbox 1390 1917 1459 1948; x_wconf 90' lang='lat' dir='ltr'>aut</span> <span class='ocrx_word' id='word_1_234' title='bbox 1493 1922 1573 1960; x_wconf 90' lang='lat' dir='ltr'>quo</span> <span class='ocrx_word' id='word_1_235' title='bbox 1609 1910 1755 1959; x_wconf 80' lang='lat' dir='ltr'>expiet.</span> <span class='ocrx_word' id='word_1_236' title='bbox 1812 1910 2021 1959; x_wconf 87' lang='lat' dir='ltr'>(nimirum</span> <span class='ocrx_word' id='word_1_237' title='bbox 2052 1918 2266 1961; x_wconf 88' lang='lat' dir='ltr'>sequuntur</span> <span class='ocrx_word' id='word_1_238' title='bbox 2293 1911 2333 1947; x_wconf 89' lang='lat' dir='ltr'>in</span> <span class='ocrx_word' id='word_1_239' title='bbox 2364 1921 2481 1948; x_wconf 86' lang='lat' dir='ltr'>versu</span> 
     </span>
     <span class='ocr_line' id='line_1_26' title="bbox 386 1978 1403 2032; baseline -0.003 -13"><span class='ocrx_word' id='word_1_240' title='bbox 386 1982 544 2032; x_wconf 82' lang='lat' dir='ltr'>signato</span> <span class='ocrx_word' id='word_1_241' title='bbox 572 1991 721 2017; x_wconf 74' lang='lat' dir='ltr'>censore</span> <span class='ocrx_word' id='word_1_242' title='bbox 749 1990 844 2027; x_wconf 73' lang='lat' dir='ltr'>opus</span> <span class='ocrx_word' id='word_1_243' title='bbox 874 1985 931 2016; x_wconf 73' lang='lat' dir='ltr'>est</span> <span class='ocrx_word' id='word_1_244' title='bbox 955 1990 1008 2016; x_wconf 80' lang='lat' dir='ltr'>an</span> <span class='ocrx_word' id='word_1_245' title='bbox 1036 1978 1237 2027; x_wconf 73' lang='lat' dir='ltr'>haruspice</span> <span class='ocrx_word' id='word_1_246' title='bbox 1263 1978 1403 2027; x_wconf 66' lang='lat' dir='ltr'>nobis.)</span> 
     </span>
    </p>

    <p class='ocr_par' dir='ltr' id='par_1_12' title="bbox 591 2045 2479 2095">
     <span class='ocr_line' id='line_1_27' title="bbox 591 2045 2479 2095; baseline -0.001 -11"><span class='ocrx_word' id='word_1_247' title='bbox 591 2046 681 2085; x_wconf 79' lang='lat'><strong>132.</strong></span> <span class='ocrx_word' id='word_1_248' title='bbox 711 2046 956 2084; x_wconf 71' lang='lat' dir='ltr'>IUGEmsUs.</span> <span class='ocrx_word' id='word_1_249' title='bbox 1001 2046 1139 2083; x_wconf 89' lang='lat' dir='ltr'>recede</span> <span class='ocrx_word' id='word_1_250' title='bbox 1171 2045 1220 2083; x_wconf 88' lang='lat' dir='ltr'>de</span> <span class='ocrx_word' id='word_1_251' title='bbox 1240 2045 1386 2083; x_wconf 83' lang='lat' dir='ltr'>Martio</span> <span class='ocrx_word' id='word_1_252' title='bbox 1409 2057 1550 2094; x_wconf 90' lang='lat' dir='ltr'>campo</span> <span class='ocrx_word' id='word_1_253' title='bbox 1578 2057 1694 2093; x_wconf 89' lang='lat' dir='ltr'>quem</span> <span class='ocrx_word' id='word_1_254' title='bbox 1724 2051 1836 2083; x_wconf 82' lang='lat' dir='ltr'>tenes</span> <span class='ocrx_word' id='word_1_255' title='bbox 1865 2046 1933 2094; x_wconf 90' lang='lat' dir='ltr'>qui</span> <span class='ocrx_word' id='word_1_256' title='bbox 1962 2046 2032 2083; x_wconf 87' lang='lat' dir='ltr'>tibi</span> <span class='ocrx_word' id='word_1_257' title='bbox 2060 2051 2240 2095; x_wconf 85' lang='lat' dir='ltr'>coeperat</span> <span class='ocrx_word' id='word_1_258' title='bbox 2268 2045 2479 2082; x_wconf 83' lang='lat' dir='ltr'>aedificari.</span> 
     </span>
    </p>

    <p class='ocr_par' dir='ltr' id='par_1_13' title="bbox 384 2110 2480 2229">
     <span class='ocr_line' id='line_1_28' title="bbox 707 2110 2480 2163; baseline -0.001 -12"><span class='ocrx_word' id='word_1_259' title='bbox 707 2112 937 2152; x_wconf 63' lang='lat' dir='ltr'>lucemus</span> <span class='ocrx_word' id='word_1_260' title='bbox 968 2123 1101 2151; x_wconf 68' lang='lat' dir='ltr'>cnm</span> <span class='ocrx_word' id='word_1_261' title='bbox 1128 2122 1247 2157; x_wconf 76' lang='lat' dir='ltr'>QUEM</span> <span class='ocrx_word' id='word_1_262' title='bbox 1274 2121 1495 2151; x_wconf 61' lang='lat' dir='ltr'>aucteurs.</span> <span class='ocrx_word' id='word_1_263' title='bbox 1539 2111 1698 2162; x_wconf 88' lang='lat' dir='ltr'>quidam</span> <span class='ocrx_word' id='word_1_264' title='bbox 1725 2112 1821 2152; x_wconf 91' lang='lat' dir='ltr'>dicit</span> <span class='ocrx_word' id='word_1_265' title='bbox 1845 2118 2044 2163; x_wconf 84' lang='lat' dir='ltr'>tamquam</span> <span class='ocrx_word' id='word_1_266' title='bbox 2072 2113 2346 2162; x_wconf 83' lang='lat' dir='ltr'>interrogatus.</span> <span class='ocrx_word' id='word_1_267' title='bbox 2390 2110 2480 2161; x_wconf 79' lang='lat' dir='ltr'>(or-</span> 
     </span>
     <span class='ocr_line' id='line_1_29' title="bbox 384 2175 2007 2229; baseline -0.007 -7"><span class='ocrx_word' id='word_1_268' title='bbox 384 2193 531 2222; x_wconf 75' lang='lat' dir='ltr'>anm</span> <span class='ocrx_word' id='word_1_269' title='bbox 560 2181 610 2220; x_wconf 90' lang='lat' dir='ltr'>ad</span> <span class='ocrx_word' id='word_1_270' title='bbox 638 2181 784 2219; x_wconf 90' lang='lat' dir='ltr'>lemma</span> <span class='ocrx_word' id='word_1_271' title='bbox 812 2179 965 2218; x_wconf 87' lang='lat' dir='ltr'>addidit</span> <span class='ocrx_word' id='word_1_272' title='bbox 991 2178 1189 2229; x_wconf 87' lang='lat' dir='ltr'>Iahnius.)</span> <span class='ocrx_word' id='word_1_273' title='bbox 1620 2175 1626 2178; x_wconf 79' lang='grc'><em>“</em></span> <span class='ocrx_word' id='word_1_274' title='bbox 2004 2188 2007 2192; x_wconf 93' lang='grc'><strong><em>·</em></strong></span> 
     </span>
    </p>

    <p class='ocr_par' dir='ltr' id='par_1_14' title="bbox 591 2247 2222 2298">
     <span class='ocr_line' id='line_1_30' title="bbox 591 2247 2222 2298; baseline -0.001 -11"><span class='ocrx_word' id='word_1_275' title='bbox 591 2248 682 2287; x_wconf 87' lang='grc'><strong>136.</strong></span> <span class='ocrx_word' id='word_1_276' title='bbox 713 2247 844 2287; x_wconf 71' lang='lat' dir='ltr'>anr</span> <span class='ocrx_word' id='word_1_277' title='bbox 872 2258 982 2286; x_wconf 81' lang='lat' dir='ltr'>1srA.</span> <span class='ocrx_word' id='word_1_278' title='bbox 1025 2247 1236 2286; x_wconf 86' lang='lat' dir='ltr'>annalibus</span> <span class='ocrx_word' id='word_1_279' title='bbox 1264 2247 1469 2286; x_wconf 87' lang='lat' dir='ltr'>contineri.</span> <span class='ocrx_word' id='word_1_280' title='bbox 1514 2247 1575 2298; x_wconf 78' lang='lat' dir='ltr'>(m</span> <span class='ocrx_word' id='word_1_281' title='bbox 1603 2257 1715 2287; x_wconf 78' lang='lat' dir='ltr'>AcrA</span> <span class='ocrx_word' id='word_1_282' title='bbox 1743 2258 1922 2287; x_wconf 67' lang='lat' dir='ltr'>narsum</span> <span class='ocrx_word' id='word_1_283' title='bbox 1950 2247 2059 2287; x_wconf 82' lang='lat' dir='ltr'>addit</span> <span class='ocrx_word' id='word_1_284' title='bbox 2087 2247 2222 2297; x_wconf 87' lang='lat' dir='ltr'>idem.)</span> 
     </span>
    </p>

    <p class='ocr_par' dir='ltr' id='par_1_15' title="bbox 591 2314 2008 2364">
     <span class='ocr_line' id='line_1_31' title="bbox 591 2314 2008 2364; baseline -0.001 -10"><span class='ocrx_word' id='word_1_285' title='bbox 591 2316 682 2355; x_wconf 84' lang='lat'><strong>139.</strong></span> <span class='ocrx_word' id='word_1_286' title='bbox 714 2314 799 2355; x_wconf 75' lang='lat' dir='ltr'>SED</span> <span class='ocrx_word' id='word_1_287' title='bbox 829 2326 997 2353; x_wconf 74' lang='lat' dir='ltr'>MEmUs.</span> <span class='ocrx_word' id='word_1_288' title='bbox 1041 2315 1134 2364; x_wconf 89' lang='lat' dir='ltr'>quia</span> <span class='ocrx_word' id='word_1_289' title='bbox 1161 2314 1242 2353; x_wconf 88' lang='lat' dir='ltr'>illis</span> <span class='ocrx_word' id='word_1_290' title='bbox 1269 2314 1551 2353; x_wconf 83' lang='lat' dir='ltr'>fecunditatem</span> <span class='ocrx_word' id='word_1_291' title='bbox 1578 2321 1723 2353; x_wconf 89' lang='lat' dir='ltr'>natura</span> <span class='ocrx_word' id='word_1_292' title='bbox 1751 2327 1832 2354; x_wconf 92' lang='lat' dir='ltr'>non</span> <span class='ocrx_word' id='word_1_293' title='bbox 1859 2316 2008 2353; x_wconf 83' lang='lat' dir='ltr'>tribuit.</span> 
     </span>
    </p>

    <p class='ocr_par' dir='ltr' id='par_1_16' title="bbox 383 2382 2479 2501">
     <span class='ocr_line' id='line_1_32' title="bbox 594 2382 2479 2432; baseline 0 -11"><span class='ocrx_word' id='word_1_294' title='bbox 594 2383 683 2422; x_wconf 83' lang='lat'><strong>140.</strong></span> <span class='ocrx_word' id='word_1_295' title='bbox 712 2382 896 2421; x_wconf 76' lang='lat' dir='ltr'>NATURA</span> <span class='ocrx_word' id='word_1_296' title='bbox 922 2393 1146 2420; x_wconf 70' lang='lat' dir='ltr'>munnam.</span> <span class='ocrx_word' id='word_1_297' title='bbox 1191 2382 1346 2420; x_wconf 87' lang='lat' dir='ltr'>steriles</span> <span class='ocrx_word' id='word_1_298' title='bbox 1375 2382 1563 2420; x_wconf 83' lang='lat' dir='ltr'>mulieres</span> <span class='ocrx_word' id='word_1_299' title='bbox 1591 2383 1862 2421; x_wconf 82' lang='lat' dir='ltr'>februantibus</span> <span class='ocrx_word' id='word_1_300' title='bbox 1892 2383 2062 2432; x_wconf 86' lang='lat' dir='ltr'>lupercis</span> <span class='ocrx_word' id='word_1_301' title='bbox 2089 2394 2131 2420; x_wconf 89' lang='lat' dir='ltr'>se</span> <span class='ocrx_word' id='word_1_302' title='bbox 2152 2382 2368 2421; x_wconf 82' lang='lat' dir='ltr'>offerebant</span> <span class='ocrx_word' id='word_1_303' title='bbox 2388 2389 2479 2422; x_wconf 85' lang='lat' dir='ltr'>cett.</span> 
     </span>
     <span class='ocr_line' id='line_1_33' title="bbox 383 2448 1771 2501; baseline -0.004 -10"><span class='ocrx_word' id='word_1_304' title='bbox 383 2450 607 2500; x_wconf 85' lang='lat' dir='ltr'>(adnotatio</span> <span class='ocrx_word' id='word_1_305' title='bbox 637 2450 687 2489; x_wconf 90' lang='lat' dir='ltr'>ad</span> <span class='ocrx_word' id='word_1_306' title='bbox 717 2463 754 2488; x_wconf 77' lang='lat' dir='ltr'><strong>v.</strong></span> <span class='ocrx_word' id='word_1_307' title='bbox 779 2448 855 2488; x_wconf 85' lang='lat'>142</span> <span class='ocrx_word' id='word_1_308' title='bbox 885 2449 1067 2499; x_wconf 87' lang='lat' dir='ltr'>pertinet,</span> <span class='ocrx_word' id='word_1_309' title='bbox 1096 2448 1165 2487; x_wconf 90' lang='lat' dir='ltr'>sed</span> <span class='ocrx_word' id='word_1_310' title='bbox 1194 2448 1374 2488; x_wconf 90' lang='lat' dir='ltr'>addendo</span> <span class='ocrx_word' id='word_1_311' title='bbox 1402 2449 1502 2488; x_wconf 89' lang='lat' dir='ltr'>nihil</span> <span class='ocrx_word' id='word_1_312' title='bbox 1529 2450 1771 2501; x_wconf 83' lang='lat' dir='ltr'>corrigitur.)</span> 
     </span>
    </p>

    <p class='ocr_par' dir='ltr' id='par_1_17' title="bbox 593 2516 2225 2565">
     <span class='ocr_line' id='line_1_34' title="bbox 593 2516 2225 2565; baseline -0.002 -9"><span class='ocrx_word' id='word_1_313' title='bbox 593 2518 683 2556; x_wconf 86' lang='lat'><strong>145.</strong></span> <span class='ocrx_word' id='word_1_314' title='bbox 714 2517 775 2554; x_wconf 77' lang='lat' dir='ltr'>Er</span> <span class='ocrx_word' id='word_1_315' title='bbox 805 2526 1080 2555; x_wconf 72' lang='lat' dir='ltr'>cAPrrOme.</span> <span class='ocrx_word' id='word_1_316' title='bbox 1125 2528 1226 2565; x_wconf 84' lang='lat' dir='ltr'>quae</span> <span class='ocrx_word' id='word_1_317' title='bbox 1253 2523 1347 2555; x_wconf 91' lang='lat' dir='ltr'>tunc</span> <span class='ocrx_word' id='word_1_318' title='bbox 1374 2516 1528 2554; x_wconf 89' lang='lat' dir='ltr'>nobiles</span> <span class='ocrx_word' id='word_1_319' title='bbox 1557 2517 1662 2555; x_wconf 88' lang='lat' dir='ltr'>intra</span> <span class='ocrx_word' id='word_1_320' title='bbox 1690 2517 1825 2555; x_wconf 90' lang='lat' dir='ltr'>urbem</span> <span class='ocrx_word' id='word_1_321' title='bbox 1854 2516 2012 2553; x_wconf 88' lang='lat' dir='ltr'>fuerunt</span> <span class='ocrx_word' id='word_1_322' title='bbox 2038 2516 2225 2553; x_wconf 86' lang='lat' dir='ltr'>familiae.</span> 
     </span>
    </p>

    <p class='ocr_par' dir='ltr' id='par_1_18' title="bbox 592 2581 2479 2633">
     <span class='ocr_line' id='line_1_35' title="bbox 592 2581 2479 2633; baseline 0 -11"><span class='ocrx_word' id='word_1_323' title='bbox 592 2584 683 2622; x_wconf 88' lang='lat'><strong>161.</strong></span> <span class='ocrx_word' id='word_1_324' title='bbox 714 2583 919 2623; x_wconf 75' lang='lat' dir='ltr'>ORCADAs</span> <span class='ocrx_word' id='word_1_325' title='bbox 939 2592 993 2621; x_wconf 81' lang='lat' dir='ltr'>Ac</span> <span class='ocrx_word' id='word_1_326' title='bbox 1014 2592 1182 2622; x_wconf 73' lang='lat' dir='ltr'>nmmA.</span> <span class='ocrx_word' id='word_1_327' title='bbox 1225 2583 1331 2622; x_wconf 86' lang='lat' dir='ltr'>circa</span> <span class='ocrx_word' id='word_1_328' title='bbox 1359 2582 1576 2622; x_wconf 86' lang='lat' dir='ltr'>solstitium</span> <span class='ocrx_word' id='word_1_329' title='bbox 1604 2583 1647 2622; x_wconf 90' lang='lat' dir='ltr'>in</span> <span class='ocrx_word' id='word_1_330' title='bbox 1666 2582 1871 2622; x_wconf 86' lang='lat' dir='ltr'>Britannia</span> <span class='ocrx_word' id='word_1_331' title='bbox 1899 2594 2021 2633; x_wconf 90' lang='lat' dir='ltr'>prope</span> <span class='ocrx_word' id='word_1_332' title='bbox 2049 2594 2130 2620; x_wconf 86' lang='lat' dir='ltr'>nox</span> <span class='ocrx_word' id='word_1_333' title='bbox 2160 2581 2268 2621; x_wconf 88' lang='lat' dir='ltr'>nulla</span> <span class='ocrx_word' id='word_1_334' title='bbox 2294 2590 2357 2622; x_wconf 86' lang='lat' dir='ltr'>est</span> <span class='ocrx_word' id='word_1_335' title='bbox 2385 2589 2479 2622; x_wconf 90' lang='lat' dir='ltr'>cett.</span> 
     </span>
    </p>

    <p class='ocr_par' dir='ltr' id='par_1_19' title="bbox 521 2649 2479 2703">
     <span class='ocr_line' id='line_1_36' title="bbox 521 2649 2479 2703; baseline 0 -13"><span class='ocrx_word' id='word_1_336' title='bbox 521 2662 584 2700; x_wconf 90' lang='lat'>111,</span> <span class='ocrx_word' id='word_1_337' title='bbox 614 2651 680 2691; x_wconf 81' lang='lat'><strong>29.</strong></span> <span class='ocrx_word' id='word_1_338' title='bbox 709 2660 913 2689; x_wconf 75' lang='lat' dir='ltr'>Aaroams</span> <span class='ocrx_word' id='word_1_339' title='bbox 933 2659 1053 2689; x_wconf 80' lang='lat' dir='ltr'>IS&#39;rlc.</span> <span class='ocrx_word' id='word_1_340' title='bbox 1097 2662 1171 2700; x_wconf 87' lang='lat' dir='ltr'>per</span> <span class='ocrx_word' id='word_1_341' title='bbox 1188 2650 1394 2690; x_wconf 87' lang='lat' dir='ltr'>Artorium</span> <span class='ocrx_word' id='word_1_342' title='bbox 1418 2656 1458 2690; x_wconf 90' lang='lat' dir='ltr'>et</span> <span class='ocrx_word' id='word_1_343' title='bbox 1477 2649 1661 2690; x_wconf 85' lang='lat' dir='ltr'>Catulum</span> <span class='ocrx_word' id='word_1_344' title='bbox 1690 2650 1884 2703; x_wconf 84' lang='lat' dir='ltr'>ignobiles</span> <span class='ocrx_word' id='word_1_345' title='bbox 1916 2679 1952 2689; x_wconf 92' lang='lat'>..</span> <span class='ocrx_word' id='word_1_346' title='bbox 1981 2649 2159 2689; x_wconf 83' lang='lat' dir='ltr'>homines</span> <span class='ocrx_word' id='word_1_347' title='bbox 2180 2649 2266 2689; x_wconf 86' lang='lat' dir='ltr'>vult</span> <span class='ocrx_word' id='word_1_348' title='bbox 2293 2650 2479 2703; x_wconf 85' lang='lat' dir='ltr'>intelligi.</span> 
     </span>
    </p>

    <p class='ocr_par' dir='ltr' id='par_1_20' title="bbox 383 2716 2479 2827">
     <span class='ocr_line' id='line_1_37' title="bbox 618 2716 2479 2769; baseline -0.001 -11"><span class='ocrx_word' id='word_1_349' title='bbox 618 2720 683 2758; x_wconf 87' lang='lat'><strong>30.</strong></span> <span class='ocrx_word' id='word_1_350' title='bbox 713 2719 774 2756; x_wconf 81' lang='lat' dir='ltr'>Er</span> <span class='ocrx_word' id='word_1_351' title='bbox 804 2728 995 2756; x_wconf 69' lang='lat' dir='ltr'>cunnus</span> <span class='ocrx_word' id='word_1_352' title='bbox 1031 2728 1073 2755; x_wconf 81' lang='lat' dir='ltr'><strong>M.</strong></span> <span class='ocrx_word' id='word_1_353' title='bbox 1105 2728 1178 2761; x_wconf 82' lang='lat' dir='ltr'>QUI</span> <span class='ocrx_word' id='word_1_354' title='bbox 1206 2728 1366 2757; x_wconf 75' lang='lat' dir='ltr'>mentm</span> <span class='ocrx_word' id='word_1_355' title='bbox 1398 2728 1442 2756; x_wconf 79' lang='lat' dir='ltr'>m</span> <span class='ocrx_word' id='word_1_356' title='bbox 1472 2728 1656 2756; x_wconf 69' lang='lat' dir='ltr'>cmmA</span> <span class='ocrx_word' id='word_1_357' title='bbox 1685 2728 1885 2757; x_wconf 70' lang='lat' dir='ltr'>vaurum.</span> <span class='ocrx_word' id='word_1_358' title='bbox 1934 2717 2001 2767; x_wconf 91' lang='lat' dir='ltr'>qui</span> <span class='ocrx_word' id='word_1_359' title='bbox 2029 2717 2175 2756; x_wconf 83' lang='lat' dir='ltr'>falsum</span> <span class='ocrx_word' id='word_1_360' title='bbox 2203 2716 2374 2766; x_wconf 84' lang='lat' dir='ltr'>faciunt,</span> <span class='ocrx_word' id='word_1_361' title='bbox 2410 2719 2479 2769; x_wconf 91' lang='lat' dir='ltr'>qui</span> 
     </span>
     <span class='ocr_line' id='line_1_38' title="bbox 383 2787 725 2827; baseline -0.009 -1"><span class='ocrx_word' id='word_1_362' title='bbox 383 2795 529 2827; x_wconf 90' lang='lat' dir='ltr'>norunt</span> <span class='ocrx_word' id='word_1_363' title='bbox 555 2787 725 2826; x_wconf 90' lang='lat' dir='ltr'>mentiri.</span> 
     </span>
    </p>

    <p class='ocr_par' dir='ltr' id='par_1_21' title="bbox 617 2855 1874 2899">
     <span class='ocr_line' id='line_1_39' title="bbox 617 2855 1874 2899; baseline -0.001 -6"><span class='ocrx_word' id='word_1_364' title='bbox 617 2855 681 2893; x_wconf 87' lang='lat'><strong>44.</strong></span> <span class='ocrx_word' id='word_1_365' title='bbox 711 2865 910 2893; x_wconf 73' lang='lat' dir='ltr'>RANARUM</span> <span class='ocrx_word' id='word_1_366' title='bbox 938 2864 1114 2893; x_wconf 74' lang='lat' dir='ltr'>v1scnnA</span> <span class='ocrx_word' id='word_1_367' title='bbox 1141 2865 1362 2899; x_wconf 71' lang='lat' dir='ltr'>nUuQUAu.</span> <span class='ocrx_word' id='word_1_368' title='bbox 1406 2867 1485 2893; x_wconf 91' lang='lat' dir='ltr'>non</span> <span class='ocrx_word' id='word_1_369' title='bbox 1515 2866 1601 2894; x_wconf 88' lang='lat' dir='ltr'>sum</span> <span class='ocrx_word' id='word_1_370' title='bbox 1630 2855 1874 2893; x_wconf 86' lang='lat' dir='ltr'>venenarius.</span> 
     </span>
    </p>

    <p class='ocr_par' dir='ltr' id='par_1_22' title="bbox 617 2923 2150 2971">
     <span class='ocr_line' id='line_1_40' title="bbox 617 2923 2150 2971; baseline 0 -11"><span class='ocrx_word' id='word_1_371' title='bbox 617 2924 681 2961; x_wconf 89' lang='lat'><strong>45.</strong></span> <span class='ocrx_word' id='word_1_372' title='bbox 712 2923 881 2961; x_wconf 70' lang='lat' dir='ltr'>Insrnxt</span> <span class='ocrx_word' id='word_1_373' title='bbox 909 2934 1045 2961; x_wconf 70' lang='lat' dir='ltr'>mm</span> <span class='ocrx_word' id='word_1_374' title='bbox 1073 2933 1129 2960; x_wconf 84' lang='lat' dir='ltr'>AD</span> <span class='ocrx_word' id='word_1_375' title='bbox 1158 2933 1343 2961; x_wconf 72' lang='lat' dir='ltr'>num-Au.</span> <span class='ocrx_word' id='word_1_376' title='bbox 1385 2923 1623 2961; x_wconf 89' lang='lat' dir='ltr'>lenocinium</span> <span class='ocrx_word' id='word_1_377' title='bbox 1651 2933 1834 2960; x_wconf 87' lang='lat' dir='ltr'>exercere</span> <span class='ocrx_word' id='word_1_378' title='bbox 1863 2933 1943 2959; x_wconf 91' lang='lat' dir='ltr'>non</span> <span class='ocrx_word' id='word_1_379' title='bbox 1972 2933 2150 2971; x_wconf 86' lang='lat' dir='ltr'>possum.</span> 
     </span>
    </p>

    <p class='ocr_par' dir='ltr' id='par_1_23' title="bbox 616 2988 2113 3040">
     <span class='ocr_line' id='line_1_41' title="bbox 616 2988 2113 3040; baseline -0.001 -11"><span class='ocrx_word' id='word_1_380' title='bbox 616 2991 682 3029; x_wconf 82' lang='lat'><strong>46.</strong></span> <span class='ocrx_word' id='word_1_381' title='bbox 712 3001 829 3029; x_wconf 69' lang='lat' dir='ltr'>nano</span> <span class='ocrx_word' id='word_1_382' title='bbox 857 3001 1070 3029; x_wconf 65' lang='lat' dir='ltr'>mmsnto.</span> <span class='ocrx_word' id='word_1_383' title='bbox 1115 3003 1194 3028; x_wconf 90' lang='lat' dir='ltr'>non</span> <span class='ocrx_word' id='word_1_384' title='bbox 1222 3002 1386 3040; x_wconf 85' lang='lat' dir='ltr'>possum</span> <span class='ocrx_word' id='word_1_385' title='bbox 1415 3002 1597 3029; x_wconf 86' lang='lat' dir='ltr'>assessor</span> <span class='ocrx_word' id='word_1_386' title='bbox 1624 3001 1715 3027; x_wconf 88' lang='lat' dir='ltr'>esse</span> <span class='ocrx_word' id='word_1_387' title='bbox 1743 2989 1840 3027; x_wconf 82' lang='lat' dir='ltr'>furis</span> <span class='ocrx_word' id='word_1_388' title='bbox 1867 2988 2021 3028; x_wconf 89' lang='lat' dir='ltr'>iudicis.</span> <span class='ocrx_word' id='word_1_389' title='bbox 2106 2989 2113 2996; x_wconf 82' lang='grc'><strong><em>’</em></strong></span> 
     </span>
    </p>

    <p class='ocr_par' dir='ltr' id='par_1_24' title="bbox 388 3055 2480 3175">
     <span class='ocr_line' id='line_1_42' title="bbox 618 3055 2480 3106; baseline 0 -10"><span class='ocrx_word' id='word_1_390' title='bbox 618 3059 683 3097; x_wconf 85' lang='grc'><strong>54.</strong></span> <span class='ocrx_word' id='word_1_391' title='bbox 714 3058 946 3097; x_wconf 73' lang='lat' dir='ltr'>Accusam:</span> <span class='ocrx_word' id='word_1_392' title='bbox 977 3068 1148 3096; x_wconf 71' lang='lat' dir='ltr'>rornsr.</span> <span class='ocrx_word' id='word_1_393' title='bbox 1191 3057 1342 3104; x_wconf 88' lang='lat' dir='ltr'>nullae,</span> <span class='ocrx_word' id='word_1_394' title='bbox 1377 3057 1524 3106; x_wconf 87' lang='lat' dir='ltr'>inquit,</span> <span class='ocrx_word' id='word_1_395' title='bbox 1558 3056 1719 3094; x_wconf 84' lang='lat' dir='ltr'>divitiae</span> <span class='ocrx_word' id='word_1_396' title='bbox 1753 3055 1851 3094; x_wconf 90' lang='lat' dir='ltr'>tanti</span> <span class='ocrx_word' id='word_1_397' title='bbox 1888 3056 1959 3094; x_wconf 88' lang='lat' dir='ltr'>tibi</span> <span class='ocrx_word' id='word_1_398' title='bbox 1994 3059 2092 3104; x_wconf 86' lang='lat' dir='ltr'>sint,</span> <span class='ocrx_word' id='word_1_399' title='bbox 2128 3068 2215 3095; x_wconf 89' lang='lat' dir='ltr'>cum</span> <span class='ocrx_word' id='word_1_400' title='bbox 2252 3058 2359 3096; x_wconf 86' lang='lat' dir='ltr'>mala</span> <span class='ocrx_word' id='word_1_401' title='bbox 2385 3069 2480 3096; x_wconf 88' lang='lat' dir='ltr'>con-</span> 
     </span>
     <span class='ocr_line' id='line_1_43' title="bbox 388 3122 2480 3175; baseline -0 -10"><span class='ocrx_word' id='word_1_402' title='bbox 388 3126 554 3165; x_wconf 87' lang='lat' dir='ltr'>scientia</span> <span class='ocrx_word' id='word_1_403' title='bbox 580 3125 810 3164; x_wconf 87' lang='lat' dir='ltr'>habeantur.</span> <span class='ocrx_word' id='word_1_404' title='bbox 858 3124 1020 3175; x_wconf 89' lang='lat' dir='ltr'>(quibus</span> <span class='ocrx_word' id='word_1_405' title='bbox 1050 3125 1183 3164; x_wconf 86' lang='lat' dir='ltr'>verbis</span> <span class='ocrx_word' id='word_1_406' title='bbox 1202 3124 1365 3163; x_wconf 87' lang='lat' dir='ltr'>Iahnius</span> <span class='ocrx_word' id='word_1_407' title='bbox 1394 3124 1538 3162; x_wconf 88' lang='lat' dir='ltr'>lemma</span> <span class='ocrx_word' id='word_1_408' title='bbox 1566 3123 1678 3161; x_wconf 90' lang='lat' dir='ltr'>auxit</span> <span class='ocrx_word' id='word_1_409' title='bbox 1705 3135 1756 3161; x_wconf 89' lang='lat' dir='ltr'>ex</span> <span class='ocrx_word' id='word_1_410' title='bbox 1784 3122 1860 3162; x_wconf 89' lang='lat' dir='ltr'>hoc</span> <span class='ocrx_word' id='word_1_411' title='bbox 1888 3136 2006 3162; x_wconf 86' lang='lat' dir='ltr'>versu</span> <span class='ocrx_word' id='word_1_412' title='bbox 2035 3125 2201 3175; x_wconf 87' lang='lat' dir='ltr'>sumptis</span> <span class='ocrx_word' id='word_1_413' title='bbox 2230 3125 2279 3163; x_wconf 87' lang='lat' dir='ltr'>ad</span> <span class='ocrx_word' id='word_1_414' title='bbox 2309 3138 2357 3163; x_wconf 85' lang='lat' dir='ltr'>ea</span> <span class='ocrx_word' id='word_1_415' title='bbox 2385 3137 2480 3164; x_wconf 88' lang='lat' dir='ltr'>sane</span> 
     </span>
    </p>
   </div>
   <div class='ocr_carea' id='block_1_4' title="bbox 384 3192 819 3242">
    <p class='ocr_par' dir='ltr' id='par_1_25' title="bbox 384 3192 819 3242">
     <span class='ocr_line' id='line_1_44' title="bbox 384 3192 819 3242; baseline 0 -11"><span class='ocrx_word' id='word_1_416' title='bbox 384 3193 588 3233; x_wconf 87' lang='lat' dir='ltr'>adnotatio</span> <span class='ocrx_word' id='word_1_417' title='bbox 616 3192 819 3242; x_wconf 83' lang='lat' dir='ltr'>refertur.)</span> 
     </span>
    </p>
   </div>
  </div>
 </body>
</html>
