2983 3808
1440 120 1474 165 4

397 251 597 310 inspecta
628 265 778 296 eorum
808 251 1069 311 patrimonia
1089 252 1160 296 vel
1181 251 1280 296 vilis
1311 251 1487 312 aurigae
1517 252 1676 311 opibus
1706 251 1839 312 longe
1870 253 2067 311 superari
2097 252 2276 309 doceat3
2306 253 2383 312 qui
2414 253 2513 312 qui-

399 326 498 371 dem
523 326 681 385 exigua
709 326 788 371 lite
817 342 1029 386 prospere
1050 326 1247 371 defuncti
1275 333 1380 385 post
1399 332 1599 385 sumptos
1619 326 1792 372 labores
1822 343 1965 386 pauca
1985 328 2145 385 quibus
2169 329 2306 375 fames
2338 335 2511 375 susten·

398 407 520 445 tetur
550 401 767 457 auferant,
805 416 965 459 magna
1002 416 1136 445 causa
1171 406 1294 445 orata
1329 402 1489 446 bonam
1529 407 1698 458 partem
1736 417 1791 447 ex
1820 402 2022 447 mercede
2062 409 2194 460 pacta
2230 404 2513 462 pragmaticis

394 473 578 520 reddere
608 473 813 520 debeant.
860 475 1052 520 Aemilio
1084 475 1262 532 quidem
1292 481 1463 520 tantum
1495 475 1589 520 dari
1619 476 1819 533 quanti‘)
1852 476 2040 532 licuerit,
2070 493 2160 522 non
2183 493 2271 534 quo
2292 478 2331 523 is
2354 478 2509 523 melius

397 555 499 607 agat
528 549 625 594 aliis
657 548 737 593 sed
758 549 878 605 quod
899 549 1088 606 quadam
1109 549 1350 594 nobilitatis
1382 555 1428 595 et
1448 550 1696 608 opulentiae
1720 550 1955 594 iactatione
1982 550 2186 606 inducat;
2216 568 2353 611 eaque
2381 552 2511 596 luxu-

394 623 485 667 riae
508 623 798 667 aemulatione
819 623 1095 680 Mathonem,
1125 624 1351 668 Pedonem
1372 624 1530 683 perire,
1555 624 1808 683 Tongilium
1830 639 2004 682 quoque
2027 625 2102 683 qui
2128 624 2371 686 ‘argentum
2390 642 2511 672 mur·

394 698 491 741 rina
520 696 664 740 villas’
694 698 903 741 causidici
940 714 1136 756 purpura
1167 699 1412 756 spondente
1444 706 1570 742 emat.
1633 699 1718 742 His
1749 700 1812 741 ita
1841 700 2052 756 expositis
2083 707 2224 745 semet
2251 703 2347 758 ipse
2376 707 2513 759 poeta

396 771 451 815 ab
482 771 592 815 inito
624 786 757 816 cursu
787 786 999 817 revocans
1029 773 1177 832 pergit

726 847 810 888 135
871 846 933 890 Et
961 852 1107 890 tamen
1140 853 1208 890 est
1239 848 1327 890 illis
1359 847 1445 891 hoc
1475 847 1604 900 utile3
1635 862 1830 905 purpura
1859 845 2013 890 vendit

875 919 1176 975 Causidicum,
1206 922 1405 965 vendunt
1435 921 1747 979 amethystina3
1784 921 1990 965 convenit
2019 921 2107 966 illis

870 996 933 1039 Et
964 997 1151 1052 strepitu
1183 1002 1227 1039 et
1257 997 1369 1039 facie
1400 997 1578 1039 maioris
1609 997 1756 1039 vivere
1787 1011 1958 1039 census.

783 1094 839 1100 —
872 1069 962 1113 Sed
991 1070 1122 1113 finem
1153 1070 1374 1127 impensae
1405 1085 1494 1112 non
1526 1075 1672 1112 servat
1701 1069 1889 1130 prodiga
1917 1068 2072 1112 Roma.

870 1144 1071 1186 Fidimus
1104 1143 1311 1199 eloquio?
1364 1143 1566 1186 Ciceroni
1598 1159 1726 1187 nemo
1758 1144 1972 1187 ducentos

722 1219 809 1262 140
867 1217 1002 1262 Nunc
1031 1217 1204 1261 dederit
1232 1233 1449 1273 nummos,
1479 1219 1564 1262 nisi
1594 1219 1765 1262 fulserit
1795 1219 1953 1263 anulus
1983 1218 2153 1276 ingens.

393 1293 555 1351 Agitur
586 1293 641 1336 de
672 1308 802 1337 versu
834 1293 965 1350 (138)
995 1294 1068 1336 aed
1086 1292 1219 1347 finem
1248 1295 1459 1351 impensae
1488 1309 1574 1337 non
1604 1300 1744 1337 servat
1764 1293 1950 1351 prodiya
1980 1292 2116 1337 Roma
2123 1309 2138 1345 ,·
2169 1307 2300 1350 quem
2331 1308 2505 1338 versum

392 1367 675 1411 Heinrichius
706 1368 873 1425 primus
903 1369 1086 1422 notavit,
1117 1374 1271 1426 postea
1301 1368 1508 1426 deinceps
1534 1368 1818 1423 Ribbeckius,
1848 1367 2030 1412 Iahnius
2063 1367 2129 1425 (in
2160 1367 2298 1411 altero
2330 1367 2506 1425 quidem

397 1442 638 1499 exemplo),
668 1442 958 1496 Weidner-us,
998 1443 1097 1499 quis
1128 1442 1245 1487 non?
1282 1449 1503 1500 tamquam
1533 1442 1657 1486 futile
1689 1442 2032 1486 additamentum
2062 1441 2314 1499 interpretis
2343 1442 2509 1486 reiece-

392 1522 508 1560 runt.
562 1515 791 1574 Suffragiis
829 1517 867 1560 si
904 1533 976 1561 res
1013 1524 1185 1575 agatur,
1222 1518 1319 1574 quis
1356 1534 1445 1561 non
1476 1523 1691 1571 vereatur,
1725 1533 1781 1560 ne
1817 1533 1898 1561 nos
1930 1517 2005 1573 qui
2035 1516 2317 1560 dissentimus
2352 1532 2506 1574 super-

393 1590 571 1634 stitione
602 1591 734 1648 capti,
772 1607 828 1634 ne
861 1590 967 1647 quid
998 1592 1188 1648 scriptae
1219 1592 1388 1635 litterae
1420 1599 1585 1649 pereat,
1616 1591 1854 1635 diiudicata
1883 1592 1958 1634 lite
1990 1590 2296 1634 defensitando
2328 1594 2504 1648 operam

391 1663 544 1709 ludere
576 1665 825 1723 cupiamus;
858 1680 909 1710 ac
940 1681 1070 1723 saepe
1101 1666 1229 1710 nobis
1259 1666 1346 1723 ipsi
1376 1665 1433 1711 ob
1465 1666 1580 1710 hanc
1610 1666 1825 1724 insignem
1856 1665 2105 1710 criticorum
2135 1665 2505 1722 conspirationem

394 1738 529 1784 diffisi
559 1754 731 1796 sumus,
767 1755 867 1785 cum
898 1754 1054 1786 sensus
1086 1741 1216 1785 etiam
1248 1746 1378 1797 atque
1410 1741 1539 1786 etiam
1570 1741 1825 1787 reclamaret
1855 1756 1944 1786 non
1975 1755 2073 1785 esse
2105 1738 2392 1784 diffidendum
2424 1738 2503 1784 sed

392 1814 624 1860 audentius
647 1820 801 1861 contra
822 1815 1026 1861 eundum.
1073 1814 1285 1861 Rationes
1316 1820 1476 1872 autem,
1507 1815 1667 1874 quibus
1698 1815 1774 1861 illa
1793 1814 2068 1861 consentiens
2098 1813 2292 1859 iudicum
2323 1812 2502 1859 damna·

391 1890 454 1934 tio
486 1895 770 1946 sustentetur,
801 1891 839 1934 si
871 1890 1135 1948 quaerimus,
1165 1889 1273 1948 quid
1303 1890 1509 1934 affertur?
1559 1889 1857 1947 Heinrichius,
1886 1895 1937 1934 ut
1967 1889 2138 1935 solebat
2167 1904 2288 1934 more
2321 1888 2504 1947 antiquo

390 1979 546 2008 versus
583 1971 627 2008 et
656 1965 792 2009 verba
825 1966 1121 2024 interpretari,
1163 1964 1219 2009 ad
1259 1966 1505 2024 argumenti
1542 1966 1858 2024 expositionem
1898 1957 2297 2022 sententiarumque
2335 1969 2502 2009 motum

391 2054 493 2083 raro
525 2039 792 2095 attendebat,
824 2040 938 2085 hanc
969 2040 1232 2099 singularem
1265 2055 1395 2098 quam
1425 2040 1609 2099 putabat
1629 2040 1889 2085 sententiam
1910 2040 1965 2084 de
1986 2040 2120 2084 nimia
2144 2039 2317 2084 luxuria
2334 2038 2503 2083 Romae

393 2111 496 2171 (die
520 2114 881 2174 Versclnoendunq
906 2116 954 2159 in
973 2115 1082 2159 Rom
1107 2116 1208 2174 qelzt
1235 2115 1339 2160 aber
1361 2117 1469 2160 auch
1489 2130 1574 2175 yar
1593 2131 1647 2160 zu
1667 2115 1806 2174 weitl)
1842 2128 2207 2173 supervacaneam
2228 2118 2273 2159 et
2291 2113 2502 2159 insulsam

392 2195 438 2232 et
465 2187 577 2232 ‘sine
598 2191 717 2233 omni
737 2190 1020 2234 dubitatione’
1046 2191 1346 2249 extirpandam
1377 2191 1687 2249 pronuntiabat
1707 2189 1998 2235 asseverando
2018 2189 2158 2248 magis
2178 2194 2349 2233 terrens
2371 2203 2502 2247 quam

392 2263 733 2308 demonstrando
771 2264 1055 2321 persuadens.
1119 2264 1257 2309 Cuius
1296 2272 1441 2309 tamen
1480 2265 1687 2309 iudicium
1718 2265 1775 2308 de
1805 2279 1936 2308 versu
1965 2265 2062 2323 ipso
2092 2263 2365 2308 Ribbeckius
2400 2277 2505 2321 pro-

391 2338 501 2381 bans
531 2338 618 2381 hoc
649 2339 835 2396 amplius
866 2338 1048 2393 addidit,
1077 2340 1304 2382 interiecta
1332 2341 1483 2397 inepta
1512 2334 1724 2397 prodigae
1745 2339 1911 2382 Romae
1934 2339 2221 2383 insectatione
2250 2338 2395 2394 rumpi
2424 2352 2501 2380 ne-

390 2412 626 2456 cessarium
659 2412 969 2470 disputationis
1000 2420 1212 2468 tenorem,
1244 2429 1373 2470 quem
1406 2415 1576 2471 qualem
1609 2429 1704 2458 esse
1734 2414 1938 2468 voluerit,
1968 2414 2036 2458 his
2057 2413 2257 2458 versibus
2290 2412 2504 2469 expositis

1508 2504 1704 2546 purpura
1734 2488 1885 2532 vendit

791 2550 795 2554 ¹
868 2561 1164 2618 Causidicum,
1195 2563 1393 2607 vendunt
1423 2563 1729 2622 amethystina,
1760 2563 1964 2607 convenit
1993 2562 2079 2606 illis

721 2638 804 2682 137
866 2638 929 2681 Et
958 2639 1144 2697 strepitu
1175 2644 1219 2683 et
1247 2638 1358 2683 facie
1389 2638 1564 2684 maioris
1596 2638 1741 2684 vivere
1771 2654 1953 2684 census:

721 2712 806 2755 139
867 2711 1067 2755 Fidimus
1100 2712 1304 2770 eloquio?
1355 2711 1561 2756 Ciceroni
1590 2727 1719 2756 nemo
1751 2712 1965 2756 ducentos

865 2786 1000 2830 Nunc
1031 2786 1201 2830 dederit
1230 2802 1447 2842 nummos,
1477 2788 1563 2831 nisi
1592 2788 1762 2831 fulserit
1792 2788 1948 2836 anulus
1979 2788 2136 2844 ingens

389 2859 599 2916 declarat,
628 2861 691 2904 ita
720 2861 1045 2919 interpretatus,
1078 2862 1326 2918 opulentiae
1348 2863 1539 2919 speciem
1570 2868 1616 2905 et
1645 2862 1936 2918 eloquentiam
1966 2861 2080 2905 inter
2100 2876 2148 2905 se
2170 2860 2333 2918 opponi
2363 2861 2501 2904 mani-

594 3092 634 3142 ‘)
671 3094 807 3142 quanti
835 3093 919 3131 licet
947 3090 1005 3142 (v.
1030 3090 1126 3141 124)
1158 3092 1193 3130 h.
1216 3104 1250 3131 e.
1270 3089 1421 3143 ‘quanti
1450 3103 1495 3131 se
1525 3088 1673 3130 vendit'
1702 3092 1912 3131 verissima
1936 3097 1998 3131 est
2017 3090 2068 3131 O.
2088 3090 2220 3131 Iahnii
2248 3090 2497 3139 emendatio;

386 3166 569 3209 quantum
599 3160 687 3199 licet
711 3159 818 3209 quod
846 3159 1037 3198 traditum
1066 3165 1128 3198 est
1153 3161 1389 3210 interpretes
1416 3160 1564 3198 frustra
1591 3160 1776 3198 laborant
1802 3159 2018 3209 explicare.
