2983 3808
1451 113 1478 159 6

892 241 1091 301 Respicit
1121 243 1230 287 haec
1262 245 1447 303 primum
1480 245 1556 302 qui
1585 246 1743 303 litigat,
1774 261 1830 288 an
1861 247 1941 291 tibi
1971 249 2088 292 servi

891 316 1027 372 Octo,
1058 318 1208 362 decem
1240 320 1434 373 comites,
1468 335 1525 362 an
1555 327 1657 377 post
1686 326 1729 363 te
1761 321 1883 375 sella,
1914 322 2057 379 togati

891 393 1009 437 Ante
1040 393 1187 451 pedes.
1249 394 1349 438 ideo
1382 394 1603 439 conducta
1631 395 1795 439 Paulus
1827 395 1985 453 agebat

891 467 1194 526 sardonyche,
1227 475 1358 527 atque
1389 470 1488 514 ideo
1521 470 1656 528 pluris
1688 486 1818 527 quam
1851 469 2008 515 Gallus
2040 472 2216 531 agebat,

746 544 829 586 145
893 542 1037 598 Quam
1069 544 1257 588 Basilus.
1306 561 1403 588 rara
1432 545 1477 588 in
1507 546 1628 588 tenui
1658 544 1863 588 facundia
1892 560 2062 603 panno:

894 616 1085 673 Quando
1117 619 1224 662 licet
1254 619 1404 664 Basilo
1437 620 1612 664 flentem
1643 620 1885 678 producere
1916 605 2120 676 matrem,

893 691 1005 748 Quis
1037 693 1149 737 bene
1181 694 1399 737 dicentem
1429 695 1626 738 Basilum
1657 695 1797 738 ferat?
1828 695 2011 751 accipiat
2041 701 2085 738 te

894 764 1040 811 Gallia
1071 768 1141 811 vel
1172 769 1319 825 potius
1350 769 1569 812 nutricula
1599 768 1917 812 causidicorum

747 844 829 886 149
892 841 1057 896 Africa,
1090 842 1126 885 si
1158 842 1323 899 placuit
1353 842 1598 886 mercedem
1630 858 1793 900 ponere
1823 842 2000 902 linguae

415 934 467 961 ea
498 919 573 975 qui
605 932 695 960 non
726 917 937 975 impedito
969 917 1112 959 animo
1144 916 1421 973 perpenderit
1450 916 1672 971 fatebitur,
1705 932 1785 974 per
1813 932 1860 961 se
1890 918 2105 976 integram
2136 919 2524 977 argumentationis

413 999 582 1050 partem
605 992 796 1046 efficere,
827 992 891 1034 sic
912 997 961 1033 ut
983 992 1026 1033 in
1047 990 1134 1033 fine
1155 989 1305 1033 redeat
1326 1005 1378 1032 eo
1399 989 1516 1033 unde
1538 1006 1639 1034 orsa
1661 998 1728 1034 est
1749 992 1911 1034 oratio:
1944 1007 2101 1049 nempe
2133 1007 2274 1037 novus
2306 994 2349 1036 in
2373 993 2524 1037 eadem

415 1067 712 1124 disputatione
750 1066 876 1109 locus
913 1065 1111 1118 affertur,
1149 1064 1191 1107 h.
1217 1080 1253 1107 e.
1287 1079 1398 1121 quae
1436 1080 1488 1108 ex
1520 1064 1779 1108 adumbrato
1818 1072 1918 1109 ante
1951 1065 2269 1112 causidicorum
2301 1073 2418 1111 statu
2451 1068 2526 1125 qui

414 1141 583 1185 Romae
613 1141 745 1184 fuerit
776 1139 1045 1183 consectaria
1072 1139 1197 1193 fiunt,
1230 1138 1559 1182 concludendae
1590 1139 1770 1182 rationis
1796 1154 1930 1183 causa
1951 1140 2231 1198 colliguntur.
2277 1141 2379 1186 Hoc
2411 1143 2525 1186 enim

414 1217 505 1259 fere
537 1215 668 1258 modo
700 1221 887 1258 mentem
924 1220 1081 1271 poetae
1112 1214 1387 1270 interpretari
1427 1213 1543 1256 licet.
1591 1211 1735 1268 ‘Quae
1768 1229 1867 1257 cum
1897 1214 1958 1257 ita
1988 1214 2091 1268 sint,
2123 1215 2305 1259 stultum
2337 1223 2405 1259 est
2435 1217 2526 1260 elo-

415 1290 620 1346 quentiae
657 1288 901 1342 confidere,
941 1303 1030 1343 qua
1068 1287 1198 1330 hodie
1239 1302 1293 1329 ne
1332 1287 1707 1344 ingeniosissimus
1748 1287 1925 1343 quidem
1966 1288 2198 1345 quicquam
2235 1290 2415 1346 praemii
2452 1296 2527 1334 aut

413 1364 542 1422 pretii
573 1378 727 1421 parere
758 1363 901 1419 possit
930 1363 1013 1405 nisi
1043 1361 1317 1405 lenocinante
1339 1361 1663 1419 magnificentia
1683 1361 1819 1404 vitae:
1854 1361 1907 1404 de
1934 1361 2016 1406 hac
2037 1363 2153 1406 enim
2183 1363 2372 1421 primum
2394 1380 2526 1421 quae-

414 1444 517 1481 runt
547 1438 806 1495 litigatores,
841 1452 930 1480 non
961 1435 1017 1478 de
1048 1436 1322 1491 eloquentiae
1353 1435 1572 1486 facultate,
1593 1443 1637 1478 et
1668 1436 1857 1493 peritia..
1888 1437 2170 1493 quamobrem
2200 1443 2369 1482 actores
2403 1438 2528 1482 nihili

415 1513 705 1555 ostentatione
737 1512 916 1563 fallunt,
957 1510 1061 1552 boni
1094 1516 1137 1551 et
1167 1524 1382 1566 pauperes
1415 1516 1458 1551 et
1489 1511 1564 1565 qui
1602 1511 1728 1552 istam
1760 1511 2010 1552 iactantiam
2043 1516 2345 1567 aspernantur,
2383 1512 2527 1555 iacent

415 1586 669 1643 contempti.
717 1586 865 1641 itaque
905 1584 1128 1627 luxuriosa
1164 1582 1305 1626 Roma
1340 1583 1584 1627 cedendum
1623 1589 1709 1638 est,
1755 1584 1800 1626 in
1834 1582 2045 1639 Galliam,
2082 1584 2128 1628 in
2158 1584 2374 1640 Africam,
2413 1602 2527 1644 quae

415 1662 616 1703 nutriunt
647 1661 908 1713 causidicos,
939 1659 1231 1715 migrandum,
1263 1660 1301 1700 si
1326 1660 1401 1714 qui
1432 1658 1637 1700 facundia
1667 1664 1897 1714 quaestum
1927 1659 2069 1702 facere
2104 1658 2282 1718 cupiat.’
2333 1660 2458 1716 Quae
2489 1662 2527 1705 si

415 1741 531 1777 recte
564 1734 861 1790 exposuimus,
891 1734 1164 1790 intelligitur,
1195 1732 1485 1775 Ribbeckium
1517 1732 1683 1789 fugisse
1715 1732 1944 1786 rationem,
1976 1748 2075 1775 cum
2102 1735 2265 1777 omisso
2287 1749 2417 1777 versu
2443 1736 2525 1778 138

417 1808 548 1851 haec:
587 1809 778 1850 convenit
812 1809 901 1850 illis
930 1808 990 1851 Et
1018 1808 1196 1864 strepitu
1226 1815 1266 1850 et
1290 1805 1408 1859 facie
1437 1808 1611 1849 maioris
1645 1808 1777 1849 vivere
1813 1822 1981 1849 census:
2015 1807 2214 1851 Fidimus
2250 1809 2440 1864 eloquio?
2477 1815 2527 1851 ut

417 1882 636 1926 contraria
665 1882 779 1926 inter
799 1896 846 1927 se
878 1886 971 1926 arte
1002 1881 1143 1925 teneri
1164 1880 1310 1924 vellet.
1360 1878 1494 1936 Quod
1525 1884 1678 1924 contra
1708 1895 1788 1925 nos
1812 1880 2058 1926 universam
2090 1881 2145 1927 de
2167 1881 2398 1927 causidicis
2430 1899 2529 1927 nar-

417 1959 631 2000 rationem
671 1972 751 2013 per
781 1971 883 1999 suas
920 1962 1066 2012 partes
1105 1956 1167 1997 ita
1197 1955 1408 2012 distingui
1445 1969 1694 2008 censemus,
1736 1960 1789 2013 ut¹
1823 1955 1963 2011 prima
2001 1955 2058 1998 ad
2090 1972 2131 1999 v.
2157 1956 2264 2010 123,
2304 1957 2442 2000 altera
2472 1957 2529 2000 ad

418 2031 570 2074 v.138
610 2030 846 2087 pertineat,
884 2030 1012 2073 tertia
1049 2036 1094 2073 et
1124 2029 1276 2072 ultima
1312 2029 1493 2086 incipiat
1523 2044 1549 2072 a
1580 2045 1619 2071 v.
1648 2029 1751 2081 1393
1792 2029 2069 2092 rationesque
2108 2035 2264 2088 poetae
2302 2031 2528 2088 paullatim

419 2104 728 2164 progrediente
759 2104 1052 2163 disputatione
1083 2110 1172 2147 tam
1195 2104 1384 2148 dilucide
1413 2104 1620 2161 explicari
1651 2108 1699 2146 ut
1731 2103 2010 2161 perspicuum
2041 2120 2139 2149 esse
2171 2105 2314 2163 possit
2345 2121 2421 2150 eos
2452 2107 2528 2163 qui

419 2196 594 2222 versum
630 2181 714 2223 138
744 2181 818 2222 sed
842 2179 975 2233 finem
1005 2182 1214 2237 impensae
1244 2194 1329 2222 non
1360 2186 1500 2222 servat
1527 2179 1714 2237 prodiqa
1744 2178 1879 2222 Roma
1910 2184 2135 2236 tamquam
2166 2194 2322 2223 vanam
2354 2185 2529 2225 senten-

359 2286 361 2289 ·
420 2256 570 2298 tiolam
601 2255 797 2309 demunt,
829 2270 929 2297 cum
959 2261 1126 2312 partem
1159 2255 1340 2297 alteram
1373 2254 1492 2297 exitu
1523 2268 1601 2297 suo
1628 2253 1847 2309 fraudent,
1879 2254 2137 2299 concinnam
2169 2255 2529 2313 compositionem

420 2347 509 2374 non
539 2331 694 2374 leviter
724 2330 993 2387 perturbare.

599 2433 603 2439 ·
627 2404 807 2449 Summa
837 2404 968 2448 huius
990 2403 1376 2448 demonstrationis
1409 2410 1478 2447 est
1508 2409 1557 2446 ut
1588 2403 1797 2460 repetitae
1819 2404 2059 2448 sententiae
2093 2421 2204 2462 quae
2233 2410 2302 2448 est
2334 2405 2378 2447 in
2400 2421 2530 2449 versu

425 2481 509 2524 136
533 2496 597 2536 sq.
631 2481 741 2522 ratio
774 2487 818 2522 et
851 2479 1080 2522 consilium
1112 2485 1231 2522 recte
1262 2479 1492 2522 iudicetur.
1541 2478 1596 2521 Id
1628 2493 1769 2534 genus
1792 2479 2097 2535 componendi,
2128 2479 2248 2536 quod
2279 2480 2364 2522 hoc
2385 2495 2530 2523 exem-

421 2554 496 2612 plo
529 2555 799 2612 aperuimus,
839 2553 1039 2597 Iuvenali
1071 2553 1198 2597 valde
1229 2554 1441 2597 familiare
1474 2553 1575 2607 fuit,
1617 2553 1692 2608 qui
1730 2567 1860 2610 saepe
1898 2554 1942 2595 in
1973 2553 2116 2597 media
2144 2555 2393 2597 narratione
2424 2555 2530 2599 insi-

423 2630 501 2673 stit
522 2629 733 2686 colligens
758 2629 986 2685 superiora
1018 2634 1062 2671 et
1093 2628 1365 2684 insequentia
1395 2643 1686 2686 praeparans3
1719 2627 1796 2670 sed
1828 2628 2046 2686 plerisque
2069 2643 2181 2684 quae
2202 2635 2304 2673 sunt
2329 2628 2531 2674 huiusce-

422 2704 543 2746 modi
575 2704 824 2746 criticorum
856 2703 1071 2760 elegantia
1102 2703 1273 2756 nocuit,
1312 2702 1386 2758 qui
1418 2703 1455 2745 si
1486 2701 1593 2758 quid
1625 2701 1681 2744 ad
1713 2703 1952 2745 sententiae
1983 2703 2313 2746 similitudinem
2344 2703 2529 2759 accedit,

422 2778 680 2835 praesertim
712 2778 841 2821 unius
874 2777 1077 2819 versiculi
1109 2777 1268 2820 finibus
1301 2777 1517 2830 clausum,
1556 2777 1610 2820 ab
1642 2776 1849 2819 Iuvenale
1882 2777 2069 2821 alienum
2107 2777 2350 2821 iudicantes
2383 2778 2530 2822 delent

423 2867 749 2908 nonnumquam
781 2851 1028 2896 necessaria
1059 2857 1102 2894 et
1133 2851 1291 2907 quibus
1314 2851 1556 2894 orationem
1589 2866 1736 2893 carere
1758 2851 1830 2893 vix
1861 2866 1991 2908 posse
2012 2851 2180 2906 credas,
2211 2852 2313 2896 alibi
2345 2869 2396 2896 ea
2417 2869 2528 2909 quae

425 2926 519 2970 sine
551 2926 710 2969 damno
742 2926 904 2969 maiore
941 2925 1037 2968 tolli
1074 2940 1207 2981 posse
1248 2940 1327 2969 nec
1365 2932 1511 2968 tamen
1550 2925 1762 2968 inutiliter
1793 2931 1868 2968 aut
1906 2925 1999 2969 sine
2037 2931 2157 2968 certa
2193 2927 2529 2971 ratione-inter-

424 3001 569 3057 posita
599 3015 716 3054 esse,
755 2999 943 3055 denique
975 2999 1289 3043 consuetudine
1326 3005 1481 3057 poetae
1513 2998 1722 3041 vindicari
1753 2998 1995 3042 videantur.
2056 2999 2273 3057 Exempla
2303 3002 2528 3060 seligimus

426 3090 539 3130 quae
570 3076 806 3131 praecipue
838 3074 895 3117 ad
927 3073 1235 3117 declarandam
1268 3090 1363 3117 eam
1393 3090 1485 3116 rem
1508 3089 1639 3129 quam
1661 3074 1859 3117 volumus
1893 3075 2095 3131 apposita
2125 3081 2327 3131 putamus
2359 3083 2402 3119 ct
2433 3078 2529 3134 qui·

426 3148 509 3193 bus
542 3164 653 3204 quae
693 3156 760 3192 est
797 3150 841 3191 in
885 3149 982 3205 ipsa
1020 3148 1303 3192 similitudine
1336 3149 1523 3192 varietas
1561 3149 1829 3204 ostendatur,
1869 3164 1920 3191 ea
1950 3164 2076 3203 vero,
2117 3151 2324 3205 quoniam
2355 3151 2409 3194 de
2442 3153 2530 3195 sin·
