2983 3808
1371 176 1401 223 5
1406 237 1407 240 ,

326 308 465 364 festo,
502 324 685 366 quarum
721 308 817 364 illa,
854 324 944 353 non
979 308 1110 364 haec,
1147 308 1366 354 causidico
1397 308 1529 353 fidem
1561 315 1606 353 et
1635 309 1936 353 auctoritatem
1965 308 2247 368 impertiat⁸).
2308 309 2433 369 Ergo

327 383 415 427 hoc
445 383 664 443 agendum
695 390 764 428 est
801 382 1057 443 praecipue,
1095 390 1146 428 ut
1176 385 1317 442 qualis
1349 387 1409 430 sit
1445 386 1531 431 ista
1560 384 1771 430 orationis
1810 388 1855 427 et
1884 384 2126 428 sententiae
2156 384 2434 429 cohaerentia

327 473 460 514 quam
489 457 743 515 planissime
771 459 1076 516 perspiciatur.
1127 459 1182 502 In
1203 475 1292 516 qua
1320 476 1369 504 re
1394 461 1432 505 si
1461 458 1801 518 interpungendi
1830 458 2014 513 ratione,
2047 474 2133 515 qua
2151 459 2215 502 illi
2235 465 2432 514 utuntur,

327 531 549 576 confidere
579 533 696 587 licet,
725 533 834 576 istas
865 533 1104 576 sententias
1136 549 1303 588 omnes,
1333 551 1360 578 a
1381 551 1587 593 purpura
1618 534 1675 578 ad
1704 549 1885 586 cenoum,
1916 549 2004 576 uno
2026 533 2178 576 ordine
2201 532 2430 577 decurrere

325 606 492 650 volunt.
547 605 682 661 Quod
712 622 800 650 non
830 607 893 650 ita
925 622 1036 662 esse,
1066 607 1195 651 facile
1224 609 1400 665 probari
1430 616 1590 667 potest.
1646 608 1762 651 Nam
1794 607 1863 653 his
1893 607 1954 649 Et
1984 616 2121 650 tamen
2150 616 2212 650 eet
2238 609 2327 650 illis
2355 609 2430 650 hoc

324 682 426 726 utile
456 681 527 738 (ut
556 680 791 739 magnifico
812 679 1018 725 videlicet
1049 681 1282 740 splendore
1307 683 1424 730 vitae
1453 683 1799 742 praestringant)
1832 681 2077 740 argumenti
2107 681 2220 737 loco,
2249 689 2299 725 ut
2327 697 2430 725 nam

322 755 582 812 particulam
612 754 774 798 addere
805 756 966 812 possis,
1006 756 1296 799 subiiciuntur
1324 757 1399 800 illa
1429 758 1573 816 (nam)
1596 771 1799 815 purpura
1829 757 1974 798 vendit
2005 755 2292 810 Causidicum,
2330 771 2429 799 ven-

324 830 436 873 dunt
464 829 756 887 amethystina.
808 829 853 872 A
884 830 1043 885 quibus
1073 830 1213 873 forma
1240 831 1339 887 ipsa
1370 832 1532 875 evincit
1561 831 1755 888 separari
1790 830 1989 887 proxima
2023 829 2225 874 Convenit
2252 832 2340 873 illis
2369 831 2430 873 Ee

322 903 498 961 strepitu
533 910 573 946 et
598 901 718 957 facie
753 905 928 946 maioma
963 905 1099 947 vivere
1126 918 1294 959 censue,
1334 920 1447 962 quae
1479 906 1537 950 ad
1568 919 1779 950 summam
1811 903 2072 949 sententiam
2101 903 2162 947 Ec
2197 911 2334 948 tamen
2368 912 2431 948 eet

321 978 412 1022 illia
441 978 517 1021 hoc
546 978 650 1021 utile
685 976 872 1021 redeunt
903 992 1085 1036 eamque
1115 979 1318 1024 uberiore
1349 980 1544 1025 oratione
1575 980 1789 1033 referunt;
1827 978 1955 1037 quasi
1985 977 2105 1023 dicas
2143 986 2204 1023 eet
2235 979 2323 1023 illis
2352 979 2428 1023 lwc

321 1054 436 1096 utile.
485 1052 687 1096 Convenit
714 1054 893 1110 inquam
922 1054 1023 1096 illie.
1074 1053 1274 1110 Eamque
1310 1055 1524 1099 rationem
1554 1055 1625 1098 vel
1654 1053 1790 1098 verba
1819 1068 1930 1110 quae
1969 1052 2118 1110 posuit
2154 1060 2285 1109 poeta
2314 1053 2426 1096 indi-

321 1131 440 1181 cant3
473 1140 585 1185 quac
617 1126 731 1172 enim
759 1127 829 1183 10,
851 1126 939 1173 348
971 1131 1294 1187 componuntur
1323 1133 1373 1173 ut
1404 1143 1648 1187 synonyma
1678 1128 1805 1188 (quid
1827 1126 2054 1173 Conveniat
2081 1125 2196 1172 nobis
2226 1126 2427 1186 rebusque

319 1203 379 1245 sit
406 1202 508 1245 utile
536 1202 727 1259 nostris),
757 1200 912 1245 iisdem
942 1216 1060 1245 nunc
1080 1203 1273 1246 variatur
1292 1203 1433 1246 oratio
1464 1217 1596 1247 sensu
1626 1203 1794 1247 eodem.
1843 1202 1957 1246 Eam
1989 1206 2134 1245 autem
2165 1203 2425 1246 sententiam

322 1291 401 1319 cur
430 1282 601 1333 repetat
630 1282 763 1334 poeta
793 1277 832 1320 si
863 1277 1098 1334 quaeritur,
1128 1292 1218 1321 non
1238 1277 1436 1321 videmus
1468 1278 1597 1322 aliam
1630 1293 1807 1322 causam
1837 1277 1922 1321 nisi
1952 1283 2002 1320 ut
2022 1275 2294 1320 commodius
2319 1291 2425 1320 con-

318 1352 452 1395 traria
480 1351 544 1394 illi
575 1352 793 1396 sententia
823 1350 1099 1396 adnectatur:
1137 1351 1335 1397 Convenit
1361 1353 1450 1397 illis
1469 1353 1530 1397 Ec
1558 1355 1734 1411 strepitu
1764 1361 1805 1396 et
1822 1351 1942 1407 facie
1966 1353 2141 1395 mioris
2169 1353 2302 1395 vivere
2330 1367 2425 1395 cen-

318 1442 403 1481 sus,
435 1426 523 1471 Sed
539 1426 675 1481 finem
703 1428 917 1484 impensae
946 1442 1032 1470 non
1061 1435 1201 1471 servat
1221 1429 1405 1486 prodiqa
1427 1427 1576 1471 Roma.
1627 1427 1683 1471 In
1714 1427 1797 1488 hac
1818 1442 1940 1481 vero,
1972 1442 2103 1484 quam
2134 1426 2219 1469 iam
2244 1432 2424 1484 apparet

318 1516 453 1560 prave
483 1517 565 1559 pro
596 1501 806 1559 singulari
838 1501 1026 1558 quadam
1059 1504 1277 1546 sententia
1307 1502 1516 1558 habitam,
1547 1501 1655 1559 quid
1685 1502 1778 1546 iure
1808 1500 2166 1559 reprehendatur,
2197 1515 2328 1560 aegre
2358 1501 2423 1544 di-

320 1576 504 1634 spicias:
543 1591 641 1618 cum
680 1576 794 1618 enim
826 1575 1070 1619 causidicos
1109 1582 1242 1631 poeta
1272 1578 1523 1620 criminetur
1552 1578 1776 1634 impensae
1806 1576 1939 1619 finem
1968 1590 2058 1619 non
2090 1589 2285 1630 servare,
2323 1590 2422 1633 pro-

317 1650 465 1708 digam
496 1649 681 1693 Romam
719 1650 913 1706 appellat
952 1650 1081 1692 simul
1116 1650 1227 1693 illud
1266 1651 1573 1705 subindicans,
1611 1652 1657 1693 in
1695 1651 1781 1693 hac
1817 1650 2049 1693 immodica
2085 1650 2256 1692 luxuria
2284 1650 2421 1693 Urbis

316 1725 413 1768 fieri
442 1739 531 1767 non
561 1739 709 1781 posse,
746 1724 955 1768 causidici
985 1731 1036 1766 ut
1064 1725 1275 1779 luxuriae,
1307 1740 1395 1780 qua
1423 1731 1570 1769 tamen
1601 1741 1749 1769 carere
1781 1740 1870 1768 non
1899 1730 2101 1781 possunt,
2135 1724 2312 1767 modum
2343 1724 2420 1766 ad-

317 1799 509 1843 hibeant.
570 1799 727 1854 Itaque
764 1799 827 1842 sic
866 1798 976 1842 haec
1009 1798 1276 1864 distinguas,
1315 1805 1360 1842 et
1399 1805 1500 1856 apte
1533 1800 1783 1857 colligatam
1814 1800 2053 1843 orationem
2090 1798 2419 1855 absolutamque

318 1872 578 1919 sententiam
609 1872 805 1919 habebis.
1182 1867 1189 1869 l

645 1949 727 1993 135
788 1948 852 1993 Et
881 1953 1026 1992 tamen
1058 1955 1127 1993 est
1157 1949 1242 1993 illis
1275 1949 1360 1993 hoc
1391 1950 1518 1993 utile:
1549 1966 1745 2008 purpura
1775 1949 1926 1994 vendit

791 2022 1088 2079 Causidicum,
1119 2024 1316 2068 vendunt
1346 2025 1653 2082 amethystina.
1699 2023 1918 2069 Convenit
1946 2024 2031 2068 illis

788 2098 852 2142 Et
881 2099 1066 2155 strepitu
1097 2104 1142 2144 et
1171 2100 1280 2143 facie
1311 2100 1488 2144 maioris
1520 2100 1666 2144 vivere
1697 2115 1871 2154 census,

646 2174 729 2218 138
790 2172 882 2220 Sed
911 2172 1044 2218 finem
1074 2173 1297 2232 impensae
1327 2191 1416 2219 non
1447 2180 1594 2219 servat
1622 2174 1812 2233 prodiga
1841 2173 1995 2218 Roma.

319 2247 492 2305 Quodsi
521 2248 671 2294 deleas
701 2263 877 2293 versum
902 2249 1001 2303 138,
1039 2249 1244 2305 quoniam
1275 2250 1462 2307 repetita
1492 2265 1624 2306 quam
1656 2249 1844 2293 diximus
1876 2248 2092 2292 sententia
2122 2246 2299 2305 pendet,
2334 2262 2416 2304 pro

315 2322 506 2368 rotunda
537 2328 581 2367 et
609 2323 782 2381 integra
811 2337 1009 2366 mancam
1041 2323 1280 2367 orationem
1311 2323 1528 2377 effeceris3
1561 2338 1644 2368 nec
1671 2324 1813 2367 solum
1843 2323 1952 2367 haec
1973 2322 2185 2366 sententia
2215 2322 2309 2366 sine
2339 2321 2416 2366 illo

315 2413 449 2442 versu
480 2399 633 2440 mutila
662 2398 767 2452 exit,
798 2397 878 2440 sed
908 2403 1002 2441 tota
1033 2397 1270 2455 disputatio
1300 2399 1403 2442 inde
1435 2413 1462 2442 a
1484 2414 1526 2441 v.
1553 2400 1636 2441 124
1670 2398 1745 2455 (cf.
1773 2399 1876 2455 129)
1909 2397 2034 2454 quasi
2066 2395 2280 2453 quaedam
2313 2410 2417 2440 area

315 2473 411 2517 sine
442 2472 562 2516 calce
593 2472 823 2516 videbitur.
883 2472 1088 2529 Namque
1121 2488 1172 2516 eo
1202 2474 1389 2517 maxime
1419 2474 1595 2517 nomine
1627 2471 1968 2517 commiseranda
1999 2476 2066 2515 est
2096 2469 2416 2514 causidicorum

315 2547 532 2602 condicio,
563 2547 682 2603 quod
711 2547 797 2590 nisi
827 2561 876 2590 se
907 2548 1051 2603 sperni
1084 2553 1128 2591 et
1157 2549 1375 2592 contemni
1395 2549 1564 2602 volunt,
1596 2548 1740 2591 cultus
1772 2552 1816 2590 et
1841 2547 1983 2590 victus
2015 2546 2156 2589 nitore
2187 2560 2265 2588 ora
2293 2544 2417 2603 vulgi

313 2624 360 2667 in
392 2637 440 2667 se
470 2626 732 2667 convertant
763 2625 950 2678 oportet,
982 2627 1027 2665 et
1055 2626 1202 2666 tamen
1231 2623 1308 2666 illa
1337 2623 1530 2667 luxuries
1557 2621 1734 2666 eosdem
1755 2621 1912 2679 quibus
1943 2619 2060 2664 utilis
2092 2625 2159 2664 est
2189 2625 2233 2663 et
2263 2633 2416 2663 neces-

314 2698 431 2743 saria
460 2696 647 2753 denique
680 2694 737 2740 ad
766 2712 856 2740 rem
887 2696 1172 2754 frangendam
1204 2697 1353 2754 adigit.
1415 2698 1521 2741 Non
1550 2703 1754 2754 putamus
1785 2697 2016 2753 quicquam
2048 2694 2104 2737 ad
2134 2694 2253 2738 hunc
2282 2695 2415 2751 perfi-

313 2770 516 2816 ciendum
554 2770 866 2815 sententiarum
904 2770 1055 2814 orbem
1092 2769 1353 2827 desiderari,
1392 2772 1523 2815 immo
1554 2786 1609 2815 ne
1640 2770 1743 2814 addi
1780 2769 1954 2827 quidem
1986 2769 2221 2826 quicquam
2250 2768 2417 2813 utiliter

313 2846 512 2905 potuisse
543 2844 837 2889 concedimus.
902 2843 1028 2899 Quae
1044 2838 1175 2888 'enim
1211 2846 1513 2902 insequuntur,
1553 2860 1664 2902 quae
1702 2851 1795 2888 tota
1832 2845 2091 2902 apponimus
2130 2845 2261 2902 (quid
2300 2847 2415 2889 euim

311 2922 532 2979 parcimus
561 2920 779 2977 periturae
810 2920 986 2963 chartae
998 2919 1038 2977 ?)

641 2995 725 3036 139
786 2993 984 3037 Fidimus
1016 2993 1219 3049 eloquio?
1272 2992 1475 3037 Ciceroni
1505 3009 1632 3036 nemo
1663 2992 1877 3036 ducentos

639 3068 724 3112 140
783 3066 915 3112 Nunc
941 3066 1111 3111 dederit
1139 3083 1353 3123 nummos,
1383 3068 1467 3113 nisi
1496 3067 1665 3112 fulserit
1695 3067 1851 3111 anulus
1881 3067 2052 3126 ingens.

515 3212 555 3265 ⁴*)
588 3215 675 3254 Der
703 3214 805 3254 echte
832 3213 911 3253 und
936 3213 1004 3252 der
1032 3214 1184 3254 umente
1210 3214 1367 3253 Juvenal
1395 3213 1592 3264 (Berolini
1621 3225 1658 3252 a.
1684 3212 1809 3264 1865)
1837 3225 1875 3264 p.
1902 3213 1992 3252 131.
