2983 3808
1387 156 1452 204 29

845 289 980 346 Quod
1010 295 1157 333 tamen
1187 288 1245 333 ad
1276 296 1451 333 cantum
1484 290 1591 348 galli
1621 290 1728 333 tacit
1758 291 1831 334 ille
1864 290 2062 344 secundi,

844 364 1078 409 Proximus
1109 368 1213 409 ante
1244 362 1359 409 diem
1390 379 1531 422 caupo
1562 364 1689 420 sciet,
1720 364 1869 410 audiet
1899 371 1943 410 et
1974 379 2087 422 quae

840 439 1085 483 Finxerunt
1113 438 1277 497 pariter
1305 439 1539 496 libarius⁸)
1571 438 1847 497 archimagiri
1942 488 1946 491 ,

692 515 780 556 110
841 513 1092 569 Carptores.
1153 513 1274 569 quod
1305 513 1422 556 enim
1451 512 1655 555 dubitant
1686 527 1947 570 componere
1979 514 2141 556 crimen

841 588 896 631 In
928 587 1144 641 dominos,
1174 587 1378 643 quotiens
1410 586 1659 631 rumoribus
1689 586 1961 631 ulciscuntur

839 661 1023 706 Baltea?
1052 677 1135 705 nec
1165 660 1280 705 derit
1312 661 1386 718 qui
1416 669 1461 705 te
1492 677 1573 719 per
1603 662 1795 719 compita
1824 669 2008 719 quaerat

840 735 1077 796 Nolentem
1109 741 1154 779 et
1184 734 1387 779 miseram
1419 735 1601 780 vinosus
1632 735 1820 780 inebriet
1848 752 2010 779 aurem.

841 810 948 854 Illos
982 824 1086 868 ergo
1117 824 1249 867 roges
1277 808 1492 866 quidquid
1522 810 1654 867 paulo
1685 815 1787 854 ante
1816 810 1998 867 petebas

696 886 780 929 115
842 886 885 929 A
915 884 1065 928 nobis:
1104 889 1279 928 taceant
1308 883 1385 927 illi.
1439 884 1519 928 sed
1549 884 1736 942 prodere
1767 885 1933 928 malunt

842 962 1082 1014 Arcanum,
1113 973 1244 1015 quam
1276 959 1473 1017 subrepti
1504 966 1658 1016 potare
1688 959 1866 1003 Falerni

840 1034 929 1078 Pro
959 1019 1126 1092 populo
1157 1033 1321 1077 faciens
1353 1041 1562 1090 quantum
1596 1033 1776 1079 Saufeia
1805 1034 1997 1078 bibebat.

842 1107 1093 1153 Vivendum
1124 1114 1243 1152 recte
1276 1114 1343 1152 est
1373 1123 1471 1152 cum
1502 1115 1684 1168 propter
1713 1109 1901 1168 plurima
1930 1115 2036 1153 tunc
2067 1115 2133 1154 est

841 1184 1015 1228 Idcirco
1046 1190 1098 1227 ut
1127 1184 1273 1241 possis
1303 1184 1498 1241 linguam
1530 1191 1807 1229 contemnere
1839 1185 1953 1229 servi

694 1261 779 1303 120
840 1260 1096 1316 Praecipue.
1145 1257 1266 1302 Cave
1299 1259 1360 1303 sis
1390 1264 1440 1302 tu
1469 1259 1640 1318 linguas
1671 1260 1988 1317 mancipiorum

845 1333 1132 1378 Contemnas:
1164 1348 1266 1376 nam
1296 1332 1447 1391 lingua
1475 1334 1578 1376 mali
1609 1348 1713 1391 pars
1744 1334 1936 1391 pessima
1968 1333 2095 1377 servi.

842 1409 1049 1453 Deterior
1078 1415 1222 1452 tamen
1254 1407 1341 1463 hic,
1373 1408 1447 1466 qui
1478 1408 1590 1453 liber
1619 1425 1708 1452 non
1741 1410 1823 1452 erit
1853 1409 1956 1464 illis,

846 1483 1045 1539 Quorum
1077 1483 1242 1525 animas
1274 1488 1318 1524 et
1347 1483 1461 1525 farre
1493 1498 1573 1526 suo
1607 1483 1802 1526 custodit
1832 1490 1877 1526 et
1909 1499 2022 1526 aere.

823 1556 979 1611 &Utile
1011 1558 1240 1600 consilium
1272 1558 1420 1612 modo,
1452 1558 1531 1601 sed
1563 1573 1808 1612 commune,
1840 1558 2020 1601 dedisti:

702 1636 784 1677 125
846 1633 981 1675 Nunc
1011 1633 1118 1675 mihi
1150 1633 1257 1687 quid
1288 1633 1448 1676 suades
1479 1638 1584 1688 post
1614 1633 1821 1675 damnum
1852 1634 2062 1689 temporis
2095 1640 2139 1676 et
2169 1649 2269 1691 spes

847 1705 1114 1763 Deceptas?'

367 1786 569 1843 Apparet
598 1798 751 1827 versus
785 1780 1070 1838 (118-123)
1105 1795 1216 1836 quos
1237 1779 1433 1823 Iuvenali
1461 1779 1734 1824 vindicamus
1765 1797 1855 1824 non
1886 1782 2130 1840 interrupto
2160 1781 2471 1841 disputationis

364 1867 518 1903 tenore
548 1858 767 1917 prioribus
799 1856 973 1900 adnecti
1003 1856 1066 1898 ita
1094 1857 1161 1897 ut*
1174 1856 1219 1898 in
1249 1855 1496 1899 universam
1529 1857 1810 1912 sententiam,
1847 1872 1935 1900 non
1968 1858 2024 1901 ad
2054 1857 2299 1901 Naevolum
2331 1858 2470 1915 appli-

366 1941 524 1989 catam,
556 1932 636 1978 sed
657 1946 770 1990 quae
801 1937 920 1974 recte
952 1946 1006 1973 ex
1037 1935 1137 1973 ante
1159 1930 1288 1974 dictis
1312 1930 1544 1989 colligatur
1563 1931 1813 1988 iustumque
1843 1932 1897 1976 iis
1928 1932 2059 1976 finem
2091 1932 2297 1990 imponat,
2329 1932 2470 1976 oratio

366 2009 535 2053 evadat.
596 2009 713 2051 Nam
750 2007 788 2049 si
825 2006 976 2048 demas
1013 2004 1122 2047 illud
1159 2005 1334 2048 vivendi
1371 2011 1489 2048 recte
1525 2012 1831 2063 praeceptum,
1875 2007 2037 2050 frustra
2072 2006 2338 2062 quaerimus,
2380 2022 2469 2064 quo

365 2084 520 2128 tendat
555 2083 641 2127 ista
676 2081 876 2126 studiosa
907 2079 1149 2122 criminatio
1187 2079 1456 2137 garrulitatis
1494 2080 1664 2124 servilis
1696 2096 1808 2137 quae
1844 2081 1964 2124 nulla
1999 2082 2044 2123 in
2075 2080 2208 2124 divite
2239 2080 2368 2124 domo
2400 2097 2469 2125 se·

366 2164 484 2201 creta
501 2139 612 2200 ⁴esse
648 2156 857 2213 patiatur:
896 2169 982 2210 qua
1011 2154 1110 2210 plus
1142 2154 1215 2211 agi
1247 2158 1588 2197 consentaneum
1620 2160 1689 2197 est
1720 2170 1851 2212 quam
1881 2161 1931 2197 ut
1961 2155 2244 2198 interlocutor
2276 2155 2359 2198 sibi
2390 2156 2470 2198 im-

365 2238 564 2292 peratum
596 2230 815 2275 silentium
846 2228 1115 2286 deprecetur.
1168 2228 1326 2285 Itaque
1357 2227 1583 2272 Naevolus
1615 2243 1714 2272 cum
1745 2230 1808 2272 ita
1837 2229 2075 2287 respondet
2111 2229 2220 2273 Utile
2249 2231 2470 2273 eonsilium

364 2310 505 2363 modo,
542 2308 615 2350 ced
641 2319 871 2359 commune,
912 2304 1066 2345 dedisti
1094 2302 1320 2346 commode
1351 2303 1472 2346 filum
1504 2304 1712 2361 colloquii
1747 2310 1979 2362 pertexens
2011 2319 2219 2348 commune
2247 2306 2469 2349 consilium

365 2383 486 2427 istud
516 2384 660 2440 ipsum
691 2387 809 2423 recte
830 2378 1006 2420 vivendi
1036 2385 1320 2435 praeceptum
1340 2378 1461 2432 dicit,
1492 2371 1549 2420 ad
1571 2393 1696 2421 suam
1728 2379 1893 2422 scilicet
1923 2394 2154 2436 personam
2176 2394 2264 2423 non
2286 2379 2468 2437 adapta-

363 2465 471 2502 tum.
536 2455 831 2512 Quamobrem
868 2453 1136 2496 Ribbeckius
1180 2467 1279 2495 cum
1318 2468 1471 2496 versus
1512 2454 1595 2496 118
1615 2454 1767 2497 -123
1805 2454 2106 2511 expunxisset,
2153 2468 2233 2497 suo
2280 2454 2374 2497 iure
2421 2454 2467 2497 in

366 2549 516 2577 eorum
547 2531 816 2575 consortium
845 2544 1021 2572 versum
1056 2529 1140 2570 124
1174 2527 1355 2582 adiecit,
1393 2529 1468 2584 qui
1499 2528 1585 2572 illis
1617 2529 1789 2572 omissis
1820 2529 1963 2571 locum
1999 2528 2156 2571 habere
2186 2544 2274 2571 non
2303 2535 2467 2586 potest.

369 2607 458 2665 Qui
489 2613 540 2650 ut
568 2606 613 2649 in
645 2621 697 2648 ea
727 2620 774 2648 re
806 2603 1096 2647 constantiam
1132 2602 1355 2660 probavit,
1391 2618 1480 2646 non
1510 2603 1653 2647 minus
1687 2617 1762 2659 eo,
1798 2602 1916 2660 quod
1946 2617 2150 2646 versuum
2181 2603 2355 2647 illorum
2388 2618 2466 2649 sex

368 2682 653 2741 (118-123)
694 2681 769 2737 qui
806 2686 944 2722 totum
975 2678 1214 2721 conficiunt
1243 2692 1331 2721 non
1360 2684 1538 2736 >partem
1572 2679 1761 2735 aliquam
1792 2678 1870 2722 sed
1901 2693 2050 2722 omnes
2082 2679 2230 2733 eiecit,
2274 2679 2336 2723 ita
2367 2694 2468 2723 cum

363 2759 475 2802 haec
495 2758 557 2814 (v.
574 2757 658 2799 115
682 2757 801 2813 sqq.)
825 2762 991 2797 taceant
1009 2754 1088 2796 illi.
1121 2754 1194 2795 eed
1216 2754 1399 2811 prodere
1417 2754 1584 2797 malunt
1603 2754 1833 2806 Arcanum,
1865 2767 1991 2810 quam
2011 2752 2197 2810 subrepti
2208 2760 2358 2811 potare
2377 2753 2468 2797 Fa-

366 2834 474 2877 lerni
502 2833 591 2875 Pro
620 2831 782 2888 populo
808 2829 982 2885 faciens
1011 2835 1220 2886 quantum
1250 2826 1427 2883 Saufeia
1466 2828 1625 2872 bibebat
1653 2843 1679 2871 a
1709 2827 1892 2871 Naevoli
1930 2841 2140 2884 responso
2173 2828 2304 2886 (125)
2336 2827 2471 2872 Nune

362 2908 468 2951 mihi
496 2908 603 2965 quid
630 2906 781 2949 suades
803 2912 906 2961 post
935 2904 1137 2946 damnum
1170 2905 1364 2961 temporie
1394 2911 1434 2946 ec
1462 2918 1553 2961 spes
1583 2903 1784 2960 Deceptae
1815 2902 1955 2958 excipi
1986 2901 2175 2957 iuberet,
2212 2910 2345 2961 rupto
2378 2918 2468 2947 ser·

361 2982 504 3025 monis
540 2980 715 3023 Vinculo
761 2978 904 3021 effecit
947 2984 996 3020 ut
1033 2992 1193 3035 magno
1234 2977 1357 3019 hiatu
1399 2977 1738 3034 colloquentium
1777 2976 1895 3018 vices
1934 2975 2224 3020 discederent.
2286 2977 2385 3021 Nos
2422 2979 2468 3021 in

566 3139 605 3188 *)
643 3137 749 3177 Nam
779 3137 975 3174 librarium
1008 3137 1198 3175 librorum
1233 3149 1307 3176 nos
1341 3137 1499 3187 quidem
1532 3135 1700 3174 libenter
1734 3135 1971 3174 mutabimus
2008 3149 2099 3174 cum
2136 3136 2274 3176 libaria
2304 3136 2469 3177 Ottonis

360 3207 604 3245 Hirschfeldi
635 3206 862 3243 coniectura
890 3210 1061 3255 reperto.
