2983 3808
1501 93 1566 140 16

834 229 892 272 48
954 228 1050 272 Nos
1082 232 1231 270 tamen
1263 226 1349 270 hoc
1379 226 1551 285 agimus
1581 226 1790 284 tenuique
1821 226 1866 269 in
1896 225 2078 283 pulvere
2110 225 2258 270 sulcos
2313 246 2315 248 ¹

954 301 1174 345 Ducimus
1205 307 1250 344 et
1278 300 1383 344 litus
1415 301 1551 344 sterili
1581 315 1809 344 versamus
1839 307 1998 344 aratro.

835 376 894 419 50
953 375 1070 419 Nam
1101 376 1136 419 si
1169 374 1389 430 discedas,
1424 376 1582 432 laqueo
1614 381 1736 418 tenet
1766 375 1988 418 ambitiosi

864 475 920 484 —
954 448 1242 494 Consuetudo
1272 449 1391 504 mali,
1426 455 1549 494 tenet
1579 449 1821 494 insanabile
1853 448 2015 493 multos

957 523 1192 568 Scribendi
1223 524 1456 569 cacoethes
1488 529 1532 569 et
1563 539 1697 583 aegro
1728 524 1774 568 in
1804 523 1936 568 corde
1967 523 2171 568 senescit.

957 598 1049 644 Sed
1079 604 1223 643 vatem
1256 599 1495 659 egregium,
1528 599 1598 644 cui
1628 614 1718 643 non
1750 598 1807 643 sit
1836 597 2015 657 publica
2044 588 2171 654 vena,

958 672 1049 730 Qui
1079 674 1188 719 nihil
1219 674 1467 734 expositum
1499 675 1638 719 soleat
1667 672 1900 730 deducere,
1935 688 2020 718 nec
2050 673 2125 732 qui

838 750 893 793 55
959 748 1194 793 Communi
1223 750 1353 794 feriat
1383 765 1559 794 carmen
1590 750 1760 794 triviale
1791 755 1980 805 moneta,

958 825 1106 880 Hunc,
1137 826 1309 882 qualem
1340 839 1513 881 nequeo
1545 831 1790 885 monstrare
1821 830 1866 868 et
1897 824 2039 869 sentio
2069 829 2255 879 tantum,

958 901 1194 943 Anxietate
1227 914 1381 943 carens
1413 900 1583 944 animus
1615 900 1733 943 facit.

482 974 743 1019 Gratuletur
775 975 859 1019 sibi
878 974 1097 1019 Iuvenalis
1130 980 1174 1017 et
1206 974 1372 1018 exultet
1401 990 1490 1018 non
1520 975 1718 1032 quemvis
1750 973 2034 1018 immodulata
2061 980 2266 1032 poemata
2286 974 2449 1029 videre,
2480 989 2591 1030 quo·

480 1051 598 1093 niam
640 1051 680 1094 ei
715 1065 851 1093 unum
887 1054 1058 1093 tantum
1100 1064 1153 1092 ex
1192 1049 1261 1093 his
1299 1049 1498 1093 versibus
1536 1050 1788 1093 criticorum
1825 1064 1961 1107 opera
1996 1049 2225 1107 subripuit.
2289 1048 2380 1095 Sed
2414 1050 2451 1093 is
2488 1049 2592 1093 dum

480 1131 626 1169 vatem
657 1125 884 1182 egregium
915 1123 1162 1178 adumbrat,
1194 1138 1242 1167 se
1267 1131 1385 1167 certe
1417 1124 1643 1182 egregium
1674 1139 1762 1167 non
1794 1124 2013 1181 probavit,
2045 1139 2309 1182 quamquam
2330 1139 2386 1168 ne
2408 1123 2595 1167 deterio-

480 1216 574 1243 rem
607 1199 785 1257 quidem
816 1213 949 1255 quam
987 1213 1085 1242 esse
1122 1199 1236 1241 solet
1273 1204 1349 1241 aut
1386 1205 1554 1257 potest:
1594 1199 1658 1242 ita
1693 1199 1913 1242 laboriose
1950 1214 2081 1256 quam
2118 1204 2295 1243 tenuem
2332 1199 2596 1244 sententiam

482 1280 647 1331 quanto
679 1274 913 1316 verborum
945 1273 1133 1329 strepitu
1164 1273 1319 1315 obruit
1348 1274 1476 1329 (quid
1507 1274 1622 1316 enim
1655 1273 1760 1315 dicit
1790 1273 1877 1316 nisi
1914 1278 2092 1329 poetam
2124 1273 2351 1332 egregium
2383 1274 2458 1331 qui
2489 1273 2597 1316 nihil

480 1349 664 1407 vulgare
685 1346 841 1405 facit?)
875 1362 1062 1405 cumque
1084 1347 1211 1391 tritas
1233 1348 1446 1406 imagines
1467 1348 1791 1404 undecumque,
1822 1363 1849 1390 a
1869 1363 1994 1403 vena,
2025 1347 2116 1404 filo,
2147 1354 2339 1405 moneta,
2366 1348 2597 1407 decerptas

481 1424 773 1482 congesserit,
812 1439 869 1467 ne
902 1423 967 1467 sic
1000 1422 1178 1478 quidem
1210 1423 1293 1466 sibi
1325 1424 1433 1467 satis
1464 1424 1570 1466 facit
1600 1424 1685 1466 nisi
1715 1422 1918 1465 Tulliana
1949 1424 2165 1480 sapientia
2195 1439 2326 1480 quam
2357 1438 2487 1481 saepe
2519 1424 2596 1467 de-

478 1499 623 1556 pascit
653 1498 791 1543 ascita
821 1498 996 1541 inanem
1029 1498 1293 1540 sententiam
1317 1498 1491 1541 cumulo
1513 1499 1723 1555 imponat.
1771 1497 1861 1539 Hic
1885 1498 1924 1540 si
1945 1512 2074 1540 verus
2097 1505 2165 1541 est
2183 1498 2423 1552 Iuvenalis,
2453 1514 2596 1555 neque

482 1573 715 1630 quisquam
747 1571 982 1626 dubitavit,
1013 1571 1121 1628 quid
1151 1572 1311 1615 bonam
1341 1579 1510 1630 partem
1541 1573 1671 1616 huius
1702 1573 1851 1630 poesis
1883 1572 1938 1615 ab
1970 1573 2113 1615 aliena
2143 1572 2300 1616 incude
2330 1572 2599 1630 repetimus?

481 1647 600 1691 Nam
632 1663 808 1705 semper
836 1646 953 1690 idem
987 1654 1056 1689 est
1086 1646 1159 1690 hic
1189 1654 1337 1704 poeta,
1370 1655 1414 1690 et
1443 1663 1672 1704 pomorum
1702 1648 2017 1704 praestantiam
2048 1648 2086 1690 si
2117 1647 2286 1691 extollit
2317 1649 2383 1705 (5,
2407 1649 2513 1705 150)

815 1722 900 1764 150
960 1722 1100 1763 Poma
1130 1721 1240 1774 dari,
1272 1737 1457 1776 quorum
1489 1723 1584 1764 solo
1616 1722 1809 1777 pascaris
1841 1721 1992 1774 odore,

965 1793 1125 1849 Qualia
1154 1800 1395 1854 perpetuus
1426 1795 1678 1839 Phaeacum
1710 1801 1948 1838 autumnus
1979 1795 2183 1850 habebat,

963 1869 1154 1914 Credere
1185 1886 1298 1926 quae
1330 1871 1477 1928 possis
1511 1871 1724 1928 subrepta
1757 1870 1982 1914 sororibus
2013 1870 2133 1913 Afris

490 1951 535 1990 et
565 1945 604 1990 si
634 1945 896 2002 pravitatem
927 1944 1014 1988 olei
1045 1945 1110 2001 (5,
1133 1945 1212 2002 88)

1234 2019 1344 2063 illud
1376 2020 1490 2063 enim
1521 2019 1678 2063 vestris
1710 2019 1840 2062 datur
1869 2018 2067 2073 alveolis,
2097 2018 2217 2075 quod

961 2092 1115 2137 Canna
1146 2094 1434 2151 Micipsarum
1468 2109 1601 2151 prora
1631 2094 1833 2138 subvexit
1864 2099 2009 2149 acuta,

843 2170 900 2212 90
961 2169 1153 2225 Propter
1182 2168 1304 2226 quod
1334 2168 1501 2212 Romae
1531 2184 1632 2212 cum
1662 2168 1858 2211 Boccare
1889 2183 2018 2212 nemo
2048 2169 2236 2223 lavatur,

964 2241 1100 2298 Quod
1129 2248 1249 2286 tutos
1282 2242 1413 2286 etiam
1445 2242 1549 2286 facit
1581 2259 1608 2286 a
1639 2243 1918 2300 serpentibus
1949 2243 2101 2300 atris*)

487 2324 562 2362 aut
593 2318 766 2377 generis
799 2317 991 2376 priscam
1023 2317 1298 2361 nobilitatem
1330 2318 1395 2375 (8,
1421 2318 1526 2375 131)

816 2380 916 2435 131*
960 2392 1031 2434 Tu
1061 2392 1161 2435 licet
1192 2407 1218 2434 a
1248 2392 1357 2434 Pico
1388 2407 1591 2435 numeres
1624 2406 1781 2449 genus,
1813 2392 1988 2448 altaque
2020 2393 2058 2436 si
2089 2398 2134 2436 te

964 2465 1159 2509 Nomina
1190 2465 1428 2520 delectant,
1460 2480 1635 2510 omnem
1667 2465 1874 2509 Titanida
1904 2481 2097 2524 pugnam

963 2541 1087 2583 Inter
1118 2541 1302 2584 maiores
1334 2541 1568 2598 ipsumque
1601 2539 1865 2583 Promethea
1893 2555 2048 2598 ponas,

818 2615 903 2660 134
964 2614 1037 2659 De
1068 2630 1343 2673 quocumque
1375 2615 1496 2660 voles
1527 2630 1741 2673 proavum
1773 2614 1854 2659 tibi
1886 2615 2047 2659 sumito
2078 2615 2285 2673 libro”);

692 2805 731 2855 *)
768 2805 921 2844 Versus
942 2804 992 2842 91
1026 2805 1139 2843 deest
1168 2805 1209 2843 in
1238 2805 1379 2844 codice
1408 2804 1568 2845 Pithoei
1597 2805 1704 2853 solo;
1741 2804 1809 2844 sed
1839 2810 1980 2856 poetae
2008 2805 2124 2845 stilus
2154 2806 2464 2850 clamatlverum
2492 2817 2603 2855 esse;

487 2879 527 2909 et
559 2872 837 2910 desiderantur
866 2873 948 2910 alia
982 2873 1023 2909 in
1058 2874 1134 2910 hoc
1164 2873 1299 2910 codice
1333 2885 1437 2922 quae
1474 2874 1619 2911 abesse
1654 2884 1733 2911 nou
1769 2879 1955 2922 possunt,
1995 2873 2104 2912 velut
2138 2874 2179 2911 in
2208 2874 2334 2912 satira
2370 2880 2487 2913 sexta
2521 2886 2603 2913 non

489 2951 568 2977 uno
598 2938 700 2978 loco.

669 3007 732 3058 ⁴'')
769 3007 924 3057 Quodsi
954 3008 1222 3059 reprehendas
1244 3020 1400 3046 versum
1424 3009 1518 3056 134,
1550 3009 1591 3046 in
1621 3020 1701 3059 quo
1732 3009 1868 3047 librum
1890 3022 2028 3060 poema
2056 3009 2120 3049 vel
2148 3011 2386 3062 traqoediam
2412 3010 2603 3062 interpre-

488 3084 638 3123 tamur,
675 3074 943 3127 reprehendas
979 3077 1139 3125 merito,
1179 3077 1298 3116 modo
1333 3090 1383 3115 ne
1411 3077 1591 3115 Iuvenali
1626 3076 1792 3127 eripias,
1834 3078 1902 3127 qui
1941 3079 2211 3130 exaggerandi
2247 3078 2407 3118 modum
2442 3091 2604 3119 servare

487 3144 617 3182 nescit
645 3157 772 3193 neque
802 3144 881 3182 nisi
909 3138 1091 3199 κορωνίδα
1120 3141 1267 3182 ἐπιθεὶς
1298 3144 1567 3194 acquiescere,
1600 3145 1707 3182 velut
1737 3145 1775 3192 5,
1795 3144 1848 3183 56
1869 3157 1957 3195 sqq.
