2983 3808
1469 117 1534 164 20

450 264 627 294 causam
660 249 865 308 quoniam
897 250 1029 294 semel
1059 250 1300 309 tetigimus,
1330 249 1377 293 ixi
1398 265 1450 294 ea
1479 265 1525 294 re
1547 255 1665 295 certe
1695 251 1855 296 nimius
1876 257 1946 296 est
1965 251 2250 309 Ribbeckius,
2278 259 2329 297 ut
2357 251 2423 308 fit,
2455 265 2553 296 cum

384 337 389 342 ·
450 325 584 368 latam
617 324 950 382 adamatamque
981 325 1238 369 sententiam
1271 325 1390 368 omni
1418 325 1552 369 modo
1580 326 1774 383 perferre
1800 327 2014 384 cupimus,
2045 327 2163 384 quod
2182 327 2266 371 Hic
2289 329 2436 386 potius
2466 342 2556 371 non

452 399 638 456 repetito
660 400 794 443 verbo
814 399 889 442 vix
919 405 1038 443 recte
1070 406 1145 443 aut
1173 399 1301 443 facile
1332 400 1518 457 intelligi
1547 414 1679 457 posse
1710 401 1974 444 criminatur.
2022 401 2138 445 Nam
2168 402 2214 456 in
2244 402 2328 445 hac
2349 402 2556 446 orationis

453 473 746 515 concinnitate
777 473 985 516 omissum
1015 473 1198 516 verbum
1233 473 1449 530 legentem
1490 473 1702 531 impedire
1740 488 1829 517 non
1866 474 2010 532 potuit
2045 480 2091 518 et
2127 475 2236 519 satis
2272 475 2383 519 scite
2425 480 2557 532 poeta

452 561 551 590 cum
572 546 928 591 deliberationem
961 547 1085 604 quasi
1114 562 1168 590 ex
1188 553 1334 591 mente
1355 547 1504 592 divitis
1534 548 1697 592 referat
1725 548 1994 592 succinctum
2016 547 2191 602 dicendi
2221 549 2398 593 modum
2428 565 2556 608 prae-

451 621 573 675 tulit,
612 628 663 665 ut
700 621 843 665 solent
880 621 954 678 qui
990 636 1140 665 secum
1171 621 1426 665 deliberant.
1487 620 1559 666 Ne
1590 622 1786 666 dicamus
1821 622 1907 667 hoc
1936 622 2180 667 breviatum
2210 624 2384 668 dicendi
2416 639 2556 682 genus

453 696 582 739 etiam
615 696 719 739 alibi
750 696 932 753 aliisque
963 696 1295 755 condicionibus
1324 697 1523 740 Iuvenali
1554 697 1683 739 valde
1712 697 1949 755 placuisse,
1984 697 2126 753 velut,
2165 699 2208 753 3,
2232 700 2317 742 140
2348 699 2556 742 Protinus

451 772 512 813 ad
541 785 710 813 censum
748 772 821 826 (de
851 771 1039 814 moribus
1069 773 1221 814 ultima
1241 772 1322 825 fiet
1355 771 1574 828 Quaestio)
1604 770 1718 829 ‘quot
1747 775 1892 829 pascit
1918 787 2051 816 servos
2063 771 2096 814 Υ
2130 774 2200 827 11,
2222 774 2250 815 4
2281 775 2413 816 omnis
2448 773 2556 817 Con-

450 846 584 888 victus
617 845 797 888 thermae
815 847 1027 900 stationes,
1059 861 1179 890 omne
1207 847 1414 890 theatrum
1433 846 1499 890 De
1520 846 1678 890 Rutilo.
1729 844 1819 890 Sed
1841 846 2078 890 omittimus
2110 845 2195 890 hoc
2224 847 2430 904 persequi
2460 847 2556 890 lon-

451 919 570 977 gius:
608 920 810 963 volumus
842 920 957 963 enim
993 919 1247 975 priusquam
1278 921 1562 979 disputationi
1598 921 1684 964 iam
1715 921 1842 964 nimis
1875 926 2075 964 extentae
2103 920 2235 964 finem
2266 921 2557 979 imponamus,

450 1009 592 1051 pauca
623 994 728 1048 alia,
767 994 923 1050 quibus
954 994 1107 1037 harum
1139 995 1366 1038 satirarum
1397 995 1699 1053 interpretatio
1731 994 1925 1038 adiuvari
1955 1010 2085 1052 posse
2116 994 2330 1050 videatur,
2366 995 2559 1039 breviter

448 1068 759 1126 perstringere.

653 1144 723 1185 Ac
753 1143 938 1199 primum
960 1142 1098 1186 verbo
1130 1142 1323 1186 dicemus
1356 1143 1410 1186 de
1441 1159 1573 1187 versu
1597 1145 1682 1186 165
1713 1145 1872 1187 satirae
1905 1144 2133 1201 septimae:
2172 1144 2250 1187 sed
2280 1145 2401 1201 prius
2432 1150 2555 1187 totus

449 1222 578 1260 tenor
608 1217 817 1261 orationis
846 1217 1156 1275 proponendus
1188 1224 1265 1262 est.

920 1289 1190 1335 ‘Mercedem
1222 1291 1443 1349 appellas?
1475 1291 1580 1348 quid
1613 1292 1725 1335 enim
1758 1291 1890 1336 scio?'
1943 1290 2103 1349 ‘Culpa
2134 1291 2331 1336 docentis

926 1364 1107 1410 Scilicet
1138 1367 1349 1424 arguitur,
1382 1366 1501 1422 quod
1530 1366 1656 1410 laeva
1685 1373 1809 1423 parte
1840 1366 2055 1410 mamillae

778 1440 864 1484 160
924 1439 1001 1483 Nil
1032 1441 1134 1485 salit
1164 1440 1382 1484 Arcadico
1414 1441 1576 1495 iuveni,
1608 1440 1732 1485 cuius
1763 1440 1869 1483 mihi
1900 1447 2022 1484 sexta

927 1513 1114 1572 Quaque
1146 1515 1217 1559 die
1249 1516 1453 1559 miserum
1486 1515 1605 1560 dirus
1638 1522 1770 1574 caput
1801 1515 2022 1560 Hannibal
2053 1516 2220 1574 implet,

928 1588 1154 1647 Quidquid
1184 1590 1230 1634 id
1261 1597 1327 1635 est
1357 1590 1411 1634 de
1445 1606 1531 1647 quo
1564 1590 1790 1646 deliberat,
1822 1606 1878 1634 an
1908 1596 2030 1648 petat
2058 1590 2211 1635 urbem

924 1666 969 1709 A
1001 1665 1183 1719 Cannis,
1219 1681 1273 1709 an
1304 1671 1408 1722 post
1437 1665 1609 1709 nimbos
1642 1672 1686 1709 et
1715 1665 1895 1709 fulmina
1925 1671 2079 1710 cautus

925 1737 1208 1796 Circumagat
1240 1738 1438 1782 madidas
1472 1754 1498 1781 a
1528 1743 1791 1795 tempestate
1822 1738 2039 1782 cohortes.

778 1814 862 1855 165
927 1812 1151 1867 Quantum
1183 1813 1249 1856 vis
1282 1813 1492 1870 stipulare
1523 1818 1567 1855 et
1597 1813 1796 1870 protinus
1828 1813 1977 1870 accipe
2009 1814 2115 1869 quid
2145 1814 2197 1856 do

922 1886 988 1931 Ut
1016 1887 1177 1930 totiens
1209 1886 1331 1930 illum
1362 1893 1488 1945 pater
1519 1887 1695 1930 audiat.'

450 1959 680 2005 Sententia
714 1962 919 2005 universa
954 1977 1043 2004 non
1075 1962 1263 2004 obscura
1300 1968 1344 2004 et
1379 1963 1495 2004 ines't
1532 1960 1746 2018 quaedam
1777 1953 1961 2019 insignis
1992 1962 2208 2005 acerbitas
2245 1964 2289 2004 in
2321 1977 2392 2017 eo,
2435 1963 2553 2020 quod

450 2052 548 2079 cum
579 2037 688 2078 alter
708 2052 754 2079 se
785 2036 1031 2079 mercedem
1062 2043 1237 2093 pactam
1267 2037 1477 2094 magistro
1501 2037 1745 2079 soluturum
1776 2043 1924 2094 neget,
1956 2037 2058 2091 quia
2079 2036 2317 2093 discipulus
2348 2038 2456 2080 nihil
2488 2038 2555 2080 di-

450 2110 625 2164 dicerit,
664 2111 815 2154 rhetor
845 2126 944 2154 eum
979 2126 1159 2167 poscere
1195 2111 1317 2155 iubet
1348 2116 1557 2166 quantum
1589 2127 1636 2154 se
1668 2110 1772 2154 dare
1804 2111 1932 2164 velit,
1971 2116 2022 2153 ut
2057 2117 2184 2167 pater
2214 2112 2377 2155 totiens
2408 2112 2553 2155 decla-

449 2191 640 2228 mantem
672 2185 824 2229 audiat
855 2186 1054 2242 quotiens
1090 2186 1184 2242 ipse
1217 2201 1316 2229 cum
1348 2202 1516 2229 summo
1547 2184 1691 2228 taedio
1724 2185 1921 2228 audierit.
1984 2183 2076 2229 Sed
2111 2184 2294 2229 haerent
2330 2202 2472 2243 neque
2505 2202 2553 2230 se

451 2260 688 2318 expediunt
712 2260 764 2316 ‘in
785 2246 929 2304 verbis
960 2262 1067 2319 quid
1097 2262 1149 2304 do
1183 2262 1243 2317 (v.
1271 2261 1399 2317 165)=
1433 2261 1497 2304 sic
1529 2261 1641 2304 enim
1675 2266 1896 2303 exaratum
1925 2267 1992 2303 est
2022 2259 2068 2303 in
2090 2258 2241 2303 codice
2261 2260 2451 2315 Pithoei,
2482 2276 2555 2304 ac-

442 2334 631 2394 ·cedente
663 2336 912 2379 testimonio
933 2335 1164 2390 Prisciani,
1195 2351 1336 2393 neque
1367 2336 1468 2379 ferri
1499 2343 1649 2394 potest
1680 2333 1799 2391 quod
1826 2350 1879 2378 ex
1909 2334 2128 2391 plerisque
2149 2334 2271 2379 libris
2293 2335 2395 2379 olim
2417 2336 2553 2394 vulgo

450 2411 680 2470 legebatur
709 2414 852 2469 accipe
888 2413 1002 2468 quod
1031 2413 1097 2454 do.
1159 2411 1315 2467 Itaque
1355 2411 1411 2454 ad
1449 2410 1696 2469 corrigendi
1733 2425 1861 2467 opem
1898 2410 2200 2468 confugientes
2232 2411 2353 2453 varia
2391 2425 2555 2469 propo-

449 2493 580 2541 nunt,
610 2487 715 2544 quin
746 2487 799 2530 do
829 2486 1155 2541 Mommsenus,
1186 2483 1420 2543 ‘quidumr
1456 2486 1789 2539 Lachmannus,
1826 2486 1903 2542 qui
1931 2485 1984 2529 do
2017 2484 2080 2541 (h.
2106 2501 2141 2529 e.
2175 2501 2262 2543 qua
2292 2486 2550 2543 condicione)

448 2561 742 2605 Ribbeckius:
777 2576 888 2616 quae
909 2560 1160 2618 singillatim
1194 2561 1440 2618 expendere
1472 2559 1822 2618 supersedemus,
1854 2559 2057 2616 quoniam
2087 2575 2342 2617 persuasum
2376 2566 2443 2603 est
2473 2576 2555 2604 no-

448 2636 539 2690 bis,
576 2651 666 2678 non
699 2634 999 2678 emendatione
1029 2635 1183 2690 verba,
1221 2635 1297 2679 sed
1329 2636 1640 2693 explicatione,
1679 2633 1758 2677 sed
1788 2634 2162 2692 interpunctione,
2199 2650 2286 2691 qua
2315 2635 2552 2692 explicatio

449 2711 662 2754 contineri
690 2710 818 2764 solet,
849 2709 1057 2768 indigere.

927 2783 1151 2839 Quantum
1182 2785 1247 2827 vis
1280 2785 1489 2841 stipulare
1522 2792 1566 2827 et
1594 2785 1795 2841 protinus
1827 2784 1992 2841 accipe,
2024 2784 2129 2840 quid
2161 2784 2249 2827 do?

922 2859 988 2903 Ut
1016 2859 1178 2902 totiens
1208 2859 1329 2901 illum
1358 2865 1485 2916 pater
1514 2859 1675 2902 audiat.

449 2933 626 2977 Etenim
656 2939 759 2991 post
787 2934 863 2977 illa
883 2941 1093 2991 quantum
1112 2935 1174 2976 vis
1200 2934 1405 2991 stipulare
1435 2933 1499 2990 (h.
1523 2948 1560 2976 e.
1583 2940 1790 2990 quantum
1810 2935 1872 2976 vie
1901 2948 2017 2990 roqu,
2049 2938 2098 2976 ut
2129 2932 2386 2977 scholiastes
2417 2933 2554 2976 inter-

448 3014 646 3066 pretatur
676 3014 720 3052 et
739 3008 1007 3062 Priscianus,
1037 3014 1156 3051 recte
1189 3007 1246 3051 ad
1267 3023 1456 3062 sensum,
1488 3023 1577 3051 non
1601 3006 1655 3050 ad
1677 3006 1799 3051 verbi
1828 3007 2159 3065 proprietatem)
2191 3016 2229 3051 et
2251 3009 2449 3067 protinus
2477 3023 2553 3052 ac-

449 3085 539 3141 cipe
574 3098 672 3127 cum
702 3083 991 3127 festinationis
1023 3082 1343 3141 significatione
1380 3089 1426 3126 et
1460 3098 1547 3140 quo
1579 3083 1719 3141 magis
1755 3098 1818 3126 se
1841 3088 2042 3140 paratum
2073 3097 2169 3126 esse
2206 3082 2396 3126 fateatur
2426 3082 2553 3140 quid·

451 3157 555 3215 quid
586 3158 674 3203 ille,
696 3164 817 3216 petat
848 3156 973 3213 dare,
1014 3158 1145 3202 infert
1173 3158 1560 3216 interrogationem
1597 3163 1761 3201 rectam
1793 3158 1900 3215 quid
1930 3157 2011 3201 do?
2046 3172 2145 3201 cum
2179 3157 2320 3215 possit
2348 3158 2417 3202 die
2446 3158 2554 3215 quid
