2983 3808
1467 184 1530 231 25

654 318 744 358 116.
775 316 945 358 Spmm
975 329 1039 358 ΑΡ.
1061 331 1099 358 P.
1119 330 1160 358 Η.
1205 319 1300 370 quia
1328 319 1467 358 tubera
1494 320 1679 359 tonitruis
1707 319 1891 359 dicuntur
1918 321 2028 360 nasci
2060 327 2101 359 ut
2129 320 2299 360 cocleae.

569 396 641 434 vn,
677 385 744 424 21.
773 396 1059 426 mnummwu
1087 398 1128 431 Q.
1171 387 1421 426 occasionem
1442 399 1524 438 qua
1551 387 1678 437 prosit
1705 387 1848 437 poetis.
1892 387 2213 438 (MATERIAMQUE
2240 388 2332 427 add.
2348 387 2549 439 Iahnius.)

676 452 740 492 24.
771 453 1017 494 quenum
1043 464 1081 493 1..
1124 454 1166 493 id
1194 461 1257 493 est
1283 454 1347 493 fac
1374 454 1505 493 focum
1533 461 1574 494 et
1601 454 1803 502 combure,
1832 467 1857 493 ο
1887 455 2086 495 Telesine.

673 521 739 561 62.
770 520 940 561 Coimus
970 532 1080 561 nom
1111 533 1147 561 s.
1191 521 1232 561 id
1267 529 1329 561 est
1365 521 1463 561 nihil
1499 522 1623 561 defuit
1651 521 1793 562 Oratio
1831 523 1900 562 sed
1934 528 2086 562 tantum
2115 524 2269 563 animos
2299 524 2351 564 ad
2384 530 2547 576 poetan-

437 590 532 629 dum
562 590 744 628 habebat.

673 656 737 695 64.
769 657 949 696 anam·
979 669 1080 696 1·:.1).
1103 669 1226 697 cmm.
1270 658 1460 707 Apolline
1489 664 1528 696 et
1555 657 1715 696 Libero.

670 725 735 763 67.
766 727 1017 764 Ari-omns
1047 735 1220 763 cunnus.
1264 725 1328 763 hic
1355 731 1416 764 est
1436 736 1594 771 sensus,
1622 725 1718 774 quia
1736 725 1892 763 nonita
1920 726 2116 774 potuisset
2145 727 2316 765 scribere
2332 727 2542 779 Virgilius,

438 792 472 831 si
501 791 561 831 illi
588 792 813 832 defuissent
839 803 904 832 res
932 792 1161 831 familiares.

670 861 735 899 91.
765 860 827 899 Εἰ·
857 871 1029 899 sanam
1057 870 1110 898 'ru
1138 870 1179 898 Ν.
1221 860 1378 899 nobiles
1406 849 1516 899 illi'us
1543 861 1745 911 temporis.

542 938 633 975 vm,
664 928 728 966 81.
758 928 1026 971 INCERTEQUE
1046 937 1129 965 mu.
1168 927 1237 977 qui
1255 933 1448 978 tyrannus
1468 926 1632 967 Siciliae
1650 927 1852 966 ferebatur
1872 932 1985 965 tauro
2004 940 2128 966 aeneo
2147 928 2328 967 candenti
2358 929 2537 968 homines

434 994 648 1034 includere.
707 995 932 1046 (emarus
963 994 1053 1033 add.
1073 994 1253 1041 Iahnius,
1282 995 1389 1046 quod
1417 1007 1560 1033 nomen
1588 995 1722 1034 statim
1752 995 1952 1045 sequitur3
1988 995 2059 1034 sed
2088 995 2177 1034 vide
2206 995 2257 1034 ad
2287 996 2325 1043 3,
2350 996 2459 1047 184.)

641 1062 731 1103 192.
762 1063 1073 1102 ΜΔΜΕῐιοοῐωΜ.
1117 1063 1373 1113 turpitudinis
1401 1064 1578 1102 crimina.
1622 1063 1808 1113 (russas
1838 1063 1933 1101 dicit
1961 1064 2067 1113 quod
2097 1063 2241 1102 adiecit
2267 1064 2464 1114 Iahnius.)

642 1130 732 1169 199.
762 1141 901 1169 umus
932 1141 986 1168 m·
1016 1140 1141 1168 11.1.1c.
1185 1130 1263 1167 nisi
1291 1136 1336 1167 ut
1367 1129 1608 1180 gladiatores
1637 1131 1719 1167 sint
1746 1130 1914 1168 nobiles.

548 1209 606 1244 11,
641 1197 731 1235 125.
762 1208 971 1235 maurotus
993 1208 1048 1233 ET
1069 1207 1181 1234 sens.
1217 1197 1316 1234 tanti
1337 1197 1528 1247 temporis
1550 1197 1749 1234 damnum.
1790 1197 1977 1246 (quorum
1998 1197 2430 1235 rationemWeidnerus
2452 1209 2532 1236 non

429 1265 658 1315 intelligens
685 1265 789 1303 falsa
816 1264 1010 1313 collegit.)

543 1346 586 1380 x,
628 1331 722 1371 227.
753 1341 907 1369 Annos.
950 1331 1055 1368 redit
1082 1331 1131 1368 ad
1163 1343 1293 1369 senes.

630 1396 725 1438 232.
756 1408 836 1437 SED
866 1408 982 1436 oum.
1025 1397 1144 1447 pleno
1178 1397 1283 1436 enim
1318 1410 1387 1437 ore
1416 1397 1525 1436 volat
1559 1398 1653 1436 dum
1689 1398 1837 1436 incibat
1874 1397 1981 1435 filios
2019 1409 2128 1436 suos.
2178 1398 2361 1445 (Iahnius
2394 1410 2529 1436 numo

427 1466 633 1520 praemisit
660 1464 767 1516 quod
794 1465 836 1503 in
866 1464 1004 1502 eodem
1030 1475 1150 1503 versu
1177 1463 1322 1514 legitur
1349 1469 1390 1502 et
1419 1474 1498 1503 SED
1527 1474 1633 1503 oum
1663 1476 1764 1514 quae
1794 1471 1890 1503 sunt
1918 1475 2059 1503 versus
2089 1469 2264 1503 extrema
2293 1471 2334 1502 ut
2362 1464 2530 1503 delenda

425 1534 592 1582 notavit,
621 1538 829 1583 utrumque
857 1530 991 1581 falso.)

631 1600 723 1638 247.
753 1599 992 1636 Exanimem
1019 1608 1162 1636 vnum.
1207 1598 1276 1636 alii
1310 1598 1446 1636 dicunt
1480 1599 1575 1649 quia
1611 1598 1700 1649 plus
1730 1598 1833 1637 vixit
1867 1609 1986 1649 quam
2021 1598 2122 1637 duae
2151 1598 2325 1637 cornices
2363 1605 2529 1649 possunt

424 1670 572 1708 vivere.
616 1667 725 1718 (vide
753 1667 804 1704 ad
833 1665 912 1703 246
943 1666 1176 1716 adscripta.)

538 1748 595 1783 xx,
680 1736 717 1773 8.
750 1734 1009 1773 Scmn'rmms
1038 1745 1075 1771 1..
1121 1735 1292 1782 superba
1321 1740 1360 1771 et
1389 1735 1569 1772 delicata.
1614 1735 1762 1783 (REGIA
1791 1735 1881 1772 add.
1905 1734 2101 1783 Iahnius.)

657 1803 718 1841 17.
749 1814 780 1839 Μ
799 1812 1035 1839 ARCESSERE
1057 1812 1246 1839 SUMMAM.
1285 1815 1364 1839 non
1384 1802 1565 1839 dubitant
1585 1809 1720 1839 mutuo
1740 1803 1921 1850 accipere
1942 1814 2045 1849 quae
2075 1800 2242 1850 perdant
2262 1802 2384 1851 magis
2404 1813 2521 1851 quam

422 1878 598 1924 erogant.
648 1869 807 1920 (versus
837 1868 920 1906 exit
948 1869 989 1906 in
1017 1868 1140 1906 verba
1162 1870 1378 1918 perituram
1407 1881 1594 1907 arcessere
1621 1882 1822 1907 summam.-
1850 1869 1899 1907 cf.
1925 1868 2033 1916 139.)

630 1938 719 1976 107.
750 1946 1012 1975 OSTENDEmT
1041 1945 1181 1974 nosTI.
1225 1935 1274 1973 de
1303 1947 1395 1973 aere
1423 1936 1642 1985 pendentis.

628 2004 717 2043 169.
746 2013 1016 2041 Ex’rssrxmrmz
1044 2013 1097 2040 m·
1128 2012 1232 2040 uox.
1275 2002 1327 2040 ad
1348 2001 1557 2040 Venerem.
1582 2003 1835 2041 subauditur
1863 2003 1945 2040 illis
1976 2003 2223 2041 saltantibus.

539 2082 615 2118 ΧΗ,
651 2070 715 2109 32.
747 2078 987 2108 PRUDENTIA
1017 2078 1127 2106 caru.
1171 2068 1462 2119 gubernatoris.
1507 2068 1732 2119 (Ram-oms
1772 2081 1796 2107 a
1833 2080 1911 2119 quo
1949 2080 2088 2108 versus
2133 2069 2343 2119 insequens
2384 2068 2522 2119 incipit

418 2140 510 2180 add.
532 2138 728 2187 Iahnius.)

622 2215 713 2261 Sed
751 2198 1045 2258 subsistimus:
1086 2213 1124 2255 si
1161 2212 1267 2269 quid
1299 2213 1509 2270 exemplis
1541 2213 1715 2257 selectis
1754 2214 1864 2258 effici
1902 2219 2065 2270 potest,
2107 2213 2214 2256 haec
2246 2214 2351 2257 satis
2390 2220 2518 2256 erunt

418 2292 477 2335 ad
505 2291 638 2334 fidem
667 2288 910 2332 faciendam
942 2288 995 2329 iis
1018 2301 1129 2342 quae
1156 2287 1211 2329 de
1241 2286 1399 2329 horum
1430 2287 1680 2330 lemmatum
1700 2292 1858 2330 natura
1878 2287 2084 2338 diximus3
2116 2287 2160 2328 in
2182 2286 2348 2329 scholio
2370 2296 2517 2330 autem

417 2367 475 2411 ad
507 2366 667 2410 satirae
700 2362 916 2407 secundae
946 2376 1121 2405 versum
1148 2362 1205 2404 42
1238 2360 1478 2418 adscripto,
1509 2377 1563 2405 ex
1595 2377 1682 2418 quo
1713 2363 1878 2420 egressi
1909 2377 2073 2415 sumus,
2104 2362 2190 2403 iam
2221 2369 2404 2419 apparet
2433 2376 2517 2404 nec

416 2441 642 2486 Scantinia
672 2452 830 2482 nomen
862 2431 1111 2480 addendum
1141 2436 1293 2490 fuisse,
1324 2451 1465 2493 neque
1497 2451 1524 2479 a
1550 2436 1695 2480 verbis
1727 2453 1779 2480 ac
1808 2438 1901 2479 iure
1931 2438 2058 2479 citari
2084 2451 2242 2479 novam
2273 2436 2516 2479 orationem

414 2516 623 2573 incipere,
661 2512 740 2557 sed
770 2516 964 2555 extrema
993 2511 1127 2554 verba
1157 2525 1311 2554 versus
1343 2510 1481 2565 citari,
1518 2510 1574 2553 ad
1605 2527 1735 2568 quem
1767 2511 1989 2554 adnotatio
2021 2511 2237 2567 applicata
2267 2517 2347 2553 est.
2413 2509 2515 2564 Quo

413 2591 558 2633 minus
588 2588 674 2631 hoc
703 2584 956 2629 testimonio
989 2584 1143 2627 confisi
1172 2584 1217 2626 in
1247 2599 1379 2628 versu
1409 2585 1630 2629 Iuvenalis
1660 2600 1712 2628 ac
1742 2585 2018 2638 mutabimus,
2051 2584 2129 2627 sed
2160 2584 2203 2626 in
2236 2583 2403 2627 scholio
2435 2600 2515 2641 po·

412 2666 501 2708 tius
531 2666 625 2706 iure
656 2662 768 2705 falso
800 2660 1010 2715 scriptum
1041 2673 1137 2702 esse
1166 2673 1247 2715 pro
1278 2661 1379 2702 iura
1409 2659 1650 2703 credemus.

614 2738 763 2780 Etiam
794 2735 898 2778 alibi
930 2733 1111 2786 scholia,
1143 2747 1327 2788 quorum
1348 2734 1524 2776 omnino
1547 2734 1704 2790 exig-ua
1734 2734 1899 2776 utilitas
1921 2740 1999 2786 est,
2030 2732 2231 2775 Iuvenali
2252 2732 2514 2776 detrimento

413 2813 657 2867 fuerunt*)‚
687 2810 810 2853 velut
833 2803 1101 2851 Ribbeckius
1132 2807 1261 2849 nobis
1291 2821 1381 2849 non
1411 2808 1631 2864 persuasit
1661 2808 1705 2849 in
1738 2808 1871 2850 satira
1904 2797 2089 2863 septima
2117 2822 2158 2847 V.
2182 2807 2238 2848 97

614 2967 655 3018 ”)
692 2967 832 3017 Nuper
860 2966 1129 3005 Buechelerus
1164 2965 1311 3004 reiecta
1344 2965 1570 3015 interpretis
1605 2965 1857 3004 adnotatione
1891 2965 1959 3014 qui
1995 2964 2092 3003 nihil
2130 2964 2239 3003 aliud
2274 2964 2424 3031 l‘egisse
2459 2966 2516 3003 vi-

411 3036 550 3075 deatur
583 3047 702 3085 quam
739 3033 844 3083 quod
882 3040 943 3071 est
976 3034 1016 3071 in
1051 3032 1163 3070 libris
1199 3038 1463 3082 contemptam
1501 3033 1550 3069 ab
1585 3032 1765 3069 omnibus
1801 3032 2036 3082 scripturam
2073 3032 2283 3070 suscitavit
2316 3032 2357 3069 in
2393 3033 2518 3071 satira

409 3103 581 3153 septima
608 3114 646 3141 v,
667 3101 722 3140 40

1144 3166 1197 3204 ρ.
1426 3161 1465 3192 et
1494 3154 1525 3191 si
1556 3153 1762 3193 dulcedine
1792 3154 1923 3192 famae

885 3222 1107 3262 Succensus
1136 3223 1291 3268 recites,
1322 3222 1540 3260 Meculonis
1570 3222 1794 3259 commodat
1823 3222 1959 3260 aedes:
