2983 3808
1448 134 1478 182 8

881 269 1083 311 Rectoris
1116 282 1214 309 cum
1244 268 1379 310 ferret
1408 282 1551 323 opem,
1584 265 1789 308 decidere
1820 266 1940 308 iactu

761 343 819 387 34
881 340 1042 400 Coepit
1073 357 1171 385 cum
1203 342 1346 385 ventis
1379 368 1434 375 -

762 419 819 463 37
880 415 1089 462 ‘Fundite
1121 433 1234 474 quae
1264 434 1362 461 mea
1391 415 1509 461 sunt’
1539 415 1711 461 dicebat
1738 412 1928 459 ‘cuncta’
1959 414 2178 470 Catullus,

882 493 1181 548 Praecipitare
1212 493 1366 536 volens
1398 493 1530 536 etiam
1560 491 1868 548 pulcherrima,
1898 495 2066 534 vestem

763 567 820 611 39
881 566 1155 623 Purpuream
1188 593 1244 600 —

762 641 819 685 43
880 639 962 685 Ille
993 655 1077 684 nec
1109 646 1338 699 argentum
1370 639 1603 685 dubitabat
1632 639 1821 695 mittere,
1850 638 1997 684 lances

886 748 896 758 .
930 748 941 757 .
975 748 986 758 .
1020 748 1032 758 .
1849 714 2034 758 multum

762 790 819 831 47
883 787 1067 843 Caelati,
1102 789 1274 832 biberat
1302 804 1390 845 quo
1422 789 1603 832 callidus
1634 795 1804 846 emptor
1835 786 2033 846 Olynthi.

885 862 977 907 Sed
1007 864 1106 919 quis
1137 877 1255 906 nunc
1287 863 1415 917 alius,
1446 877 1534 919 qua
1563 863 1714 907 mundi
1743 868 1868 921 parte
1900 862 1997 918 quis
2029 860 2163 905 audet

884 937 1085 995 Argento
1116 937 1333 993 praeferre
1365 942 1498 993 caput
1527 937 1748 993 rebusque
1779 935 1992 981 salutem?

763 1012 821 1054 50
880 1010 987 1055 Non
1016 1017 1200 1068 propter
1229 1011 1365 1053 vitam
1395 1010 1563 1053 faciunt
1592 1010 1854 1068 patrimonia
1882 1009 2076 1067 quidam,

884 1084 975 1130 Sed
1006 1086 1113 1129 vitio
1146 1085 1266 1129 caeci
1296 1090 1478 1144 propter
1508 1085 1772 1144 patrimonia
1802 1085 1969 1128 vivunt.

883 1160 1080 1204 Iactatur
1109 1176 1251 1204 rerum
1281 1162 1455 1204 utilium
1478 1176 1588 1219 pare
1618 1163 1822 1215 maxima,
1858 1162 1932 1204 sed
1960 1173 2043 1203 nec

883 1236 1058 1279 Damna
1088 1235 1248 1278 levant.

612 1310 706 1355 Sat.
729 1322 779 1364 11,
804 1311 858 1353 19

767 1385 822 1427 14
882 1384 1026 1427 Rarus
1058 1399 1202 1427 sermo
1233 1384 1319 1427 illis
1351 1389 1396 1427 et
1426 1399 1586 1441 magna
1616 1383 1753 1428 libido
1784 1382 1961 1427 tacendi

766 1459 819 1499 15
882 1458 1032 1514 Atque
1064 1457 1297 1515 supercilio
1327 1457 1504 1500 brevior
1534 1471 1672 1499 coma.
1724 1457 1871 1500 verius
1902 1471 2008 1515 ergo

883 1531 946 1574 Et
976 1531 1117 1590 magis
1147 1531 1337 1590 ingenue
1368 1530 1659 1574 Peribomius.
1722 1530 1838 1574 hunc
1870 1545 1952 1589 ego
1983 1529 2086 1573 fatis

883 1606 1075 1664 Imputo,
1107 1606 1183 1662 qui
1214 1606 1339 1649 vultu
1369 1605 1570 1649 morbum
1602 1606 1865 1663 incessuque
1894 1606 2066 1648 fatetur.

883 1681 1053 1722 Horum
1082 1682 1332 1737 simplicitas
1361 1682 1626 1734 miserabilis,
1657 1682 1722 1723 hie
1740 1680 1875 1734 furor
1902 1682 1991 1737 ipse

884 1754 979 1798 Dat
1005 1755 1182 1808 veniam,
1214 1755 1287 1798 sed
1309 1757 1488 1812 peiores,
1522 1755 1598 1811 qui
1630 1755 1735 1799 talia
1764 1755 1911 1799 verbis

768 1831 826 1873 20
886 1828 1093 1873 Herculis
1123 1829 1341 1873 invadunt
1371 1835 1416 1873 et
1446 1829 1503 1872 de
1534 1830 1695 1873 virtute
1726 1830 1864 1874 locuti

887 1903 1073 1947 Clunem
1104 1904 1287 1963 agitant.

615 1978 710 2025 Sat.
728 1991 830 2033 vm,
863 1979 920 2022 60

767 2053 823 2097 56
883 2052 971 2097 Dic
1001 2053 1122 2109 mihi,
1153 2053 1424 2098 Teucrorum
1454 2054 1616 2112 proles,
1648 2053 1851 2098 animalia
1880 2058 2003 2098 muta

889 2126 1001 2182 Quis
1034 2142 1250 2185 generosa
1280 2134 1407 2184 putet
1436 2128 1523 2173 nisi
1552 2127 1708 2173 fortia?
1746 2142 1905 2185 nempe
1935 2127 2159 2171 volucrem

888 2200 966 2247 Sic
995 2201 1226 2247 laudamus
1257 2217 1432 2258 equum,
1461 2202 1577 2247 facili
1608 2202 1679 2246 cui
1709 2202 1896 2259 plurima
1925 2202 2072 2258 palma

890 2274 1054 2319 Fervet
1084 2282 1129 2319 et
1160 2276 1327 2320 exultat
1356 2292 1490 2320 rauco
1522 2277 1706 2320 victoria
1735 2277 1865 2319 circo.

771 2351 829 2393 60
888 2348 1056 2393 Nobilio
1086 2351 1165 2404 hic,
1196 2366 1459 2409 quocumque
1487 2353 1601 2394 venit
1629 2352 1679 2394 de
1705 2352 1914 2409 qramine,
1944 2352 2067 2394 cuiue

893 2422 1026 2467 Clara
1045 2422 1162 2481 fuya
1192 2432 1289 2468 ante
1319 2425 1427 2468 alios
1458 2433 1499 2468 et
1520 2427 1689 2482 primus
1717 2426 1766 2468 in
1795 2439 1973 2483 aequore
1999 2425 2154 2482 pulvis,

892 2496 979 2541 Sed
1008 2497 1162 2541 venale
1193 2512 1331 2555 pecus
1363 2497 1615 2557 Coryphaei
1644 2499 1881 2556 posteritas
1910 2504 1953 2542 et

890 2569 1084 2628 Hirpini,
1116 2572 1154 2615 si
1184 2586 1283 2616 rara
1311 2573 1417 2631 iugo
1439 2570 1642 2615 Victoria
1671 2571 1797 2616 sedit.

622 2645 716 2690 Sat.
738 2657 771 2700 1,
799 2646 885 2688 139

745 2719 830 2763 132
891 2717 1137 2764 vestibulis
1169 2720 1330 2764 abeunt
1359 2727 1532 2765 veteres
1562 2721 1756 2779 lassique
1788 2721 1970 2765 clientes

891 2793 1098 2852 Votaque
1130 2794 1372 2853 deponunt,
1405 2811 1672 2853 quamquam
1702 2796 1959 2854 longissima
1990 2811 2124 2841 cenae

892 2866 1005 2927 Spes
1036 2868 1222 2914 homini:
1256 2871 1392 2915 caulis
1422 2871 1594 2915 miseris
1626 2875 1756 2928 atque
1786 2871 1902 2929 ignis
1933 2870 2158 2916 emendus.

413 3033 583 3087 petriam
600 3030 781 3069 Prienam
801 3030 959 3079 cepisset
977 3028 1097 3067 hostis
1125 3030 1310 3079 ceterique
1336 3031 1393 3067 ita
1411 3030 1604 3080 fuqerem,
1631 3035 1674 3068 ut
1697 3030 1818 3069 multa
1846 3031 1893 3068 de
1920 3031 2001 3068 suis
2027 3029 2139 3068 robus
2163 3035 2416 3080 asportarent,
2444 3040 2537 3067 cum·

418 3105 516 3138 met
548 3099 760 3138 admonitus
795 3109 822 3135 α
856 3096 1024 3146 quodam
1056 3101 1101 3134 ut
1132 3096 1229 3136 idem
1262 3098 1345 3146 ipse
1372 3097 1523 3145 faceret
1547 3092 1632 3146 ‘090
1664 3092 1767 3136 vero'
1803 3099 1927 3147 inquit
1950 3093 2083 3147 'fficio'
2112 3095 2239 3147 (conf.
2269 3108 2361 3135 ann.
2391 3108 2526 3148 gymn.

418 3167 559 3206 Austr.
589 3178 626 3204 a.
652 3163 756 3204 1873
786 3177 826 3215 p.
849 3161 961 3214 242),
991 3169 1031 3202 et
1059 3163 1100 3203 in
1128 3166 1163 3203 ei
1190 3163 1389 3215 particula
1415 3163 1618 3205 Iuvenalis
1648 3163 1735 3215 ipse
1767 3164 1830 3213 10,
1853 3164 1904 3204 ⁷4
1924 3177 1985 3215 sq.
