2983 3808
1433 189 1461 236 7

400 323 601 383 gulorum
625 337 831 367 versuum
861 338 946 366 usu
975 322 1061 366 n'isi
1091 328 1324 380 perspecta
1355 323 1669 366 sententiarum
1700 322 1811 365 serie
1843 328 1887 365 et
1916 322 2118 366 iunctura
2148 322 2384 366 existimari
2415 337 2505 366 non

398 403 567 457 potest,
606 397 736 456 plene
766 397 1095 456 perscribimus,
1136 413 1398 455 quamquam
1429 397 1519 441 fere
1549 397 1680 455 paulo
1713 404 1816 441 sunt
1851 398 2108 455 prolixiora3
2149 397 2228 441 sed
2260 404 2388 441 erunt
2416 399 2504 441 for-

399 480 516 518 tasse
548 473 623 531 qui
654 472 765 517 haec
794 473 857 516 ita
887 473 1087 531 exposita
1118 472 1416 528 considerent,
1452 488 1563 529 quae
1600 473 1645 516 in
1682 473 1789 530 ipsis
1821 473 1966 516 satiris
2002 478 2178 516 tenente
2209 488 2415 517 sensuum
2452 488 2505 517 ac

398 563 542 593 rerum
572 547 765 606 pondere
799 553 843 591 et
873 549 1081 592 varietate
1110 547 1282 592 facilius
1312 548 1608 606 negliguntur.

603 620 698 667 Sat.
720 635 791 677 m,
817 624 902 666 164

726 699 807 740 161
1288 698 1387 754 quis
1418 713 1586 755 pauper
1617 698 1823 741 scribitur
1852 696 2008 742 heres?

876 769 1066 825 Quando
1096 772 1142 814 in
1173 770 1356 815 consilio
1388 778 1456 815 est
1486 771 1729 815 aedilibus?
1760 772 1932 829 agmine
1963 773 2079 816 facto

872 844 1133 888 Debuerant
1164 845 1266 888 olim
1298 851 1452 889 tenues
1484 846 1697 904 migrasse
1730 844 1937 901 Quirites.

869 920 1007 962 Haud
1025 919 1159 973 facile
1189 928 1416 978 memsam,
1447 935 1628 978 quorum
1659 921 1885 964 virtutibus
1915 921 2052 964 obstat

727 996 810 1037 165
871 994 952 1036 Res
982 1002 1164 1051 anqusta
1196 996 1321 1048 domi,
1353 995 1425 1037 sed
1453 994 1610 1037 Romae
1640 993 1791 1037 durior
1820 994 1906 1038 illis

874 1067 1090 1111 conatus:
1121 1083 1283 1126 magno
1315 1068 1552 1126 hospitium
1583 1069 1843 1124 miserabile,
1874 1085 2036 1129 magno

875 1142 1111 1187 Servorum
1141 1149 1317 1187 ventres
1329 1144 1369 1201 ⁸)
1405 1149 1450 1186 et
1477 1144 1594 1201 frugi
1624 1144 1777 1187 cenula
1807 1160 1981 1203 magno.

606 1215 699 1261 Sat.
723 1230 791 1270 111,
815 1218 900 1260 264
1472 1255 1476 1258 .

724 1292 809 1334 257
872 1291 989 1334 Nam
1021 1291 1058 1334 si
1090 1291 1325 1347 procubuit
1356 1292 1431 1348 qui
1462 1306 1569 1335 saxa
1597 1292 1832 1349 Ligustica
1861 1298 2010 1349 portat

871 1365 984 1408 Axis
1016 1371 1061 1408 et
1092 1380 1289 1408 eversum
1321 1365 1435 1408 fudit
1464 1380 1599 1423 super
1631 1366 1805 1425 agmina
1834 1373 2043 1421 montem,

875 1438 996 1494 Quid
1026 1445 1224 1497 superest
1254 1439 1308 1483 de
1340 1438 1622 1497 corporibus?
1654 1441 1752 1498 quis
1784 1441 1991 1496 membra,
2023 1442 2120 1498 quis
2153 1456 2254 1486 ossa

723 1514 810 1555 260
870 1513 1076 1555 Invenit?
1113 1515 1322 1556 obtritum
1352 1514 1471 1570 vulgi
1502 1515 1619 1570 perit
1649 1528 1778 1556 omne
1811 1515 1998 1557 cadaver

871 1587 999 1630 More
1031 1589 1209 1631 animae.
1262 1587 1417 1631 domus
1447 1588 1615 1630 interea
1646 1602 1798 1631 secura
1827 1589 2012 1646 patellas

870 1663 965 1705 Iam
995 1662 1114 1704 lavat
1145 1669 1190 1704 et
1219 1663 1361 1704 bucca
1390 1663 1583 1704 foculum
1617 1663 1779 1704 excitat
1809 1669 1855 1705 et
1888 1670 2016 1706 sonat
2046 1665 2190 1707 unctis

873 1735 1110 1793 Striglibus
1142 1742 1187 1778 et
1215 1736 1347 1793 pleno
1380 1737 1606 1793 componit
1635 1736 1770 1779 lintea
1801 1743 1922 1795 guto.

869 1810 988 1853 Haec
1016 1811 1128 1852 inter
1150 1825 1303 1867 pueros
1332 1812 1448 1854 varie
1471 1819 1776 1867 properantur,
1812 1820 1861 1853 at
1888 1812 1960 1854 ille

723 1885 808 1927 265
869 1884 964 1927 Iam
996 1883 1119 1928 sedet
1149 1885 1194 1928 in
1225 1884 1322 1942 ripa
1351 1889 1626 1942 taetrumque
1657 1884 1853 1929 novicius
1885 1882 2034 1930 horret

868 1959 1106 2001 Porthmea
1134 1985 1188 1991 ——
1451 1960 1456 1964 ’

602 2032 694 2077 Sat.
717 2045 802 2086 xn,
836 2034 891 2075 52

751 2109 807 2150 30
870 2106 983 2150 Cum
1015 2108 1168 2165 plenus
1199 2107 1335 2151 fluctu
1366 2107 1536 2151 medius
1566 2108 1680 2152 foret
1711 2108 1862 2153 alveus
1893 2113 1937 2152 et
1966 2108 2065 2164 iam,

849 2169 1099 2224 'Alternum
1128 2183 1291 2239 puppis
1321 2182 1436 2225 latus
1468 2183 1762 2226 evertentibus
1793 2183 1937 2240 undis,

867 2257 1053 2300 Arboris
1083 2259 1362 2314 incertae“),
1393 2258 1557 2300 nullam
1587 2257 1820 2316 prudentia
1850 2259 1949 2301 cani

598 2417 638 2469 ¹*)
672 2417 782 2458 Idem
812 2430 1004 2457 servorum
1031 2424 1175 2456 ventres
1204 2417 1245 2454 in
1274 2418 1402 2467 primo
1433 2429 1551 2455 versu
1580 2417 1749 2455 recurrit
1781 2418 1843 2465 14,
1868 2416 1958 2464 126,
1988 2418 2315 2467 quemadmodum
2346 2423 2497 2470 agmine

388 2488 498 2538 sacto
531 2485 648 2537 (162)
682 2486 724 2523 in
758 2492 937 2525 extremo
972 2485 1116 2537 legitur
1151 2485 1268 2523 etiam
1303 2486 1365 2532 10,
1389 2484 1480 2523 218.
1539 2485 1592 2523 Et
1626 2486 1668 2522 in
1704 2486 1767 2524 his
1802 2485 2017 2523 levioribus
2054 2485 2128 2523 sibi
2164 2486 2305 2524 similis
2341 2493 2403 2525 est
2430 2488 2496 2526 Iu-

398 2554 558 2593 venalis.

578 2621 640 2672 ”)
673 2621 722 2659 In
749 2620 1024 2671 distinguenda
1051 2620 1243 2667 oratione,
1280 2633 1381 2671 quae
1409 2628 1515 2659 recte
1545 2620 1695 2671 scripta
1722 2627 1784 2658 est
1811 2620 1852 2657 in
1880 2620 2004 2666 libris,
2037 2619 2278 2671 Madvigium
2309 2621 2434 2673 (Opp.
2456 2622 2495 2671 2,

400 2689 497 2738 175)
526 2689 742 2740 sequimur,
770 2689 838 2738 qui
866 2689 981 2726 nobis
1010 2688 1167 2738 quidem
1197 2687 1308 2737 (nam
1338 2688 1518 2737 plerique
1546 2688 1588 2726 in
1617 2688 1698 2725 alia
1726 2688 1859 2725 omnia
1887 2687 2108 2736 discedunt)
2138 2689 2346 2728 verissime
2374 2690 2496 2728 inter-

400 2756 548 2807 pretari
576 2755 748 2794 videtur:
785 2768 866 2794 cum
893 2757 1023 2793 alveus
1052 2756 1193 2794 medius
1213 2756 1336 2804 fluctu
1360 2756 1496 2804 plenus
1515 2756 1623 2805 soret
1648 2761 1683 2793 et
1712 2757 1789 2792 iam
1816 2754 1965 2792 arboris
1994 2757 2176 2801 incertae,
2213 2755 2254 2794 id
2282 2763 2361 2803 est,
2399 2758 2496 2796 mali

396 2823 599 2864 instabilis
627 2830 668 2862 et
694 2823 852 2861 iamiam
873 2823 1016 2869 casuri,
1046 2823 1150 2873 quod
1170 2822 1416 2860 efficiebatur
1435 2836 1486 2861 ex
1504 2822 1743 2873 gravissima
1762 2822 1984 2868 iactatione,
2015 2823 2200 2861 alternum
2224 2827 2371 2875 puppis
2394 2826 2497 2865 latus

399 2891 645 2931 evertentibus
663 2892 788 2929 undis.
831 2890 879 2928 In
896 2903 974 2928 uno
989 2891 1245 2928 dissentimus
1260 2902 1285 2928 a
1298 2891 1385 2928 viro
1400 2891 1563 2936 eximio,
1584 2889 1688 2939 quod
1709 2901 1796 2927 cum
1816 2889 1885 2926 ille
1904 2889 2005 2925 hanc
2024 2888 2189 2927 alteram
2209 2893 2388 2941 protasin
2409 2894 2496 2932 nul-

399 2960 476 2998 lam
490 2959 700 3008 prudentia
720 2960 807 2997 cani
815 2958 985 2996 Rectoris
1004 2958 1186 3006 conferret
1202 2958 1450 3007 opem'priori
1464 2950 1677 2996 α’σ-υνδέτως
1691 2956 1846 2994 aduecti
1867 2962 2029 3001 statuat,
2045 2968 2119 2993 nos
2139 2968 2222 2994 cum
2232 2959 2361 3007 ferret
2378 2972 2497 3010 opem,

397 3025 504 3075 quod
524 3031 585 3064 est
612 3026 655 3063 in
683 3024 881 3074 plerisque
908 3025 1020 3063 libris
1050 3023 1250 3074 (conferret
1269 3023 1533 3071 pithoeanum
1563 3024 1611 3061 de
1632 3023 1918 3074 permutatione
1939 3023 2028 3061 vide
2051 3024 2114 3071 13,
2139 3024 2250 3075 153),
2279 3026 2496 3067 retinentes

396 3093 586 3144 apodosis
614 3099 766 3143 partem
794 3093 1001 3131 efficimus.
1042 3092 1135 3130 Cum
1162 3093 1294 3129 alveus
1321 3092 1464 3129 medius
1487 3093 1608 3139 fluctu
1631 3092 1769 3140 plenus
1792 3092 1900 3139 soret
1925 3097 1978 3137 et,
2006 3092 2193 3131 alternum
2215 3096 2363 3145 puppis
2393 3095 2496 3133 latus

396 3159 641 3199 evertentibus
675 3160 808 3207 undis,
844 3162 923 3199 iam
956 3160 1107 3198 arboris
1142 3162 1324 3198 incertae.-
1361 3161 1496 3207 coepit,
1533 3170 1615 3196 cum
1649 3160 1851 3207 prudentia
1887 3162 1975 3196 cani
2008 3163 2165 3197 rectoris
2199 3162 2348 3199 nullam
2370 3163 2497 3211 ferret

397 3238 515 3278 opem,
545 3229 648 3267 iactu
667 3228 835 3267 decidere
856 3241 937 3267 eum
956 3230 1085 3268 ventis.
1130 3225 1220 3276 Quo
1249 3239 1391 3278 genere
1412 3224 1552 3266 Cicero
1581 3227 1719 3265 scribit
1736 3226 1881 3265 Parad.
1904 3225 2026 3265 Stoie.
2047 3228 2082 3274 1,
2103 3229 2138 3275 1,
2156 3228 2198 3267 8:
2229 3229 2384 3268 Biantis
2413 3243 2495 3267 cum
