2983 3808
1501 129 1562 176 1⁷

482 265 628 312 omnia
664 262 858 308 eiusdem
893 262 1080 317 farinae,
1120 277 1250 319 quam
1285 261 1506 307 meliorem
1542 276 1631 306 non
1670 261 1828 307 reddas
1863 277 1952 306 uno
1988 268 2065 306 ant
2101 262 2239 307 altero
2274 277 2331 306 ex
2366 262 2420 307 iis
2451 277 2582 308 versu

477 340 671 396 dempto.
717 336 808 382 Sed
844 336 1035 381 redimus
1064 336 1178 381 illuc.
1226 336 1408 380 Iahnius
1444 337 1581 394 igitur
1610 337 1666 381 ab
1698 351 1750 380 ea
1779 336 1982 393 opinione
2017 338 2240 394 profectus
2270 352 2357 394 qua
2392 338 2580 395 putabat

472 412 725 458 consuetudo
754 411 864 453 mali
897 425 993 454 esse
1032 411 1464 468 interpretamentum
1499 410 1647 469 graeci
1684 410 1873 454 nominis
1904 412 2128 465 cacoethes,
2166 411 2328 456 omisso
2359 426 2489 455 versu
2520 412 2576 455 51

476 488 532 531 ab
561 485 770 530 Iuvenale
800 484 913 528 haec
942 491 1113 528 tantum
1145 485 1314 542 scripta
1345 500 1441 529 esse
1469 485 1619 543 posuit
2280 490 2283 492 '

834 560 891 603 50
952 559 1068 602 Nam
1098 559 1136 602 si
1166 548 1382 615 discedas,
1411 559 1569 617 laqueo
1600 566 1722 603 tenet
1750 559 2013 602 ambitiosum

835 635 890 677 52
952 633 1184 679 Scribendi
1214 634 1448 678 cacoethes
1481 640 1527 678 et
1557 649 1688 693 aegro
1719 634 1766 677 in
1795 633 1926 677 corde
1958 635 2171 688 senescit3

478 712 647 768 reliqua
675 711 801 755 initio
832 716 1008 767 sumpto
1040 711 1095 755 ab
1115 711 1202 754 isto
1232 710 1622 767 interpretamento
1649 710 1798 754 nescio
1821 724 1951 766 quem
1972 710 2309 755 versificatorem
2340 709 2577 766 addidisse,

478 785 622 840 simul,
651 784 772 842 quod
802 790 896 828 tum
925 785 1219 829 necessarium
1249 791 1357 840 erat,
1387 785 1653 829 ambitiosum
1681 789 1850 828 mutato
1881 785 1926 828 in
1954 785 2175 829 ambitiosi.
2234 784 2442 829 Probavit
2471 801 2577 830 con-

481 862 690 905 iecturam
721 858 966 904 Ribbeckio
998 875 1180 916 eamque
1215 859 1308 918 ipse
1339 874 1395 903 ne
1433 859 1479 902 in
1514 859 1703 917 repetita
1734 858 1910 916 quidem
1939 859 2160 903 Iuvenalis
2194 858 2384 904 editione
2416 860 2574 905 omisit.

480 935 585 980 Non
616 934 892 990 assentimur,
921 950 976 978 ne
1006 934 1110 978 ferri
1142 933 1318 992 quidem
1346 949 1478 993 posse
1509 934 1591 978 rati
1612 949 1665 979 ea
1687 949 1798 992 quae
1821 933 1904 977 hac
1925 933 2187 978 emendandi
2207 933 2278 977 via
2306 941 2431 992 parta
2462 941 2577 979 sunt.

481 1009 597 1054 Cum
627 1011 741 1053 enim
771 1012 810 1052 si
838 1010 1028 1053 discedas
1063 1011 1109 1052 in
1147 1010 1233 1053 hoc
1264 1009 1474 1053 orationis
1505 1016 1658 1053 tenore
1689 1010 1747 1053 sit
1781 1012 1821 1052 si
1849 1011 2039 1061 discedas
2068 1027 2098 1053 a
2128 1009 2339 1052 scribendo
2369 1010 2579 1053 inutiliter

480 1090 526 1128 et
553 1100 709 1142 pamm
739 1090 840 1142 apte
870 1084 927 1128 ad
957 1085 1163 1129 cacoethes
1195 1083 1397 1128 adiicitur
1425 1084 1635 1128 scribendi
1662 1100 1805 1142 neque
1836 1084 2035 1141 proxima
2065 1084 2283 1128 sententia
2312 1093 2352 1127 et
2380 1100 2503 1142 aeqro
2533 1087 2579 1127 in

482 1160 605 1204 corde
642 1161 811 1203 senescit
849 1160 956 1203 satis
998 1160 1209 1203 concinne
1251 1173 1351 1203 cum
1394 1159 1683 1204 condicionali
1725 1160 1812 1204 isto
1857 1160 2081 1203 enuntiato
2127 1159 2337 1217 iungitur.
2402 1158 2577 1214 Quanto

480 1237 715 1291 utrumque
734 1234 904 1288 melius,
936 1234 972 1278 si
996 1233 1110 1278 hanc
1133 1233 1187 1278 ab
1209 1233 1283 1277 illa
1303 1234 1564 1278 sententiam
1586 1249 1852 1292 separamus,
1885 1233 2015 1278 Tenet
2033 1234 2270 1277 insanabile
2291 1234 2442 1278 multos
2463 1233 2579 1279 Scri-

484 1308 611 1353 bendi
643 1308 848 1353 cacoethes
885 1316 926 1352 et
958 1323 1082 1367 aeqro
1112 1309 1160 1351 in
1189 1308 1311 1352 corde
1340 1309 1529 1362 senescit‚·
1564 1308 1610 1352 in
1640 1323 1728 1366 qua
1763 1307 1872 1352 nihil
1909 1322 2005 1353 esse
2042 1307 2302 1367 intelligitur
2337 1307 2455 1365 quod
2490 1323 2579 1352 non

483 1385 711 1444 perspicue
743 1382 801 1429 ad
830 1383 944 1428 hanc
964 1384 1204 1428 orationem
1235 1382 1610 1428 accommodatum
1640 1384 1710 1429 sit.
1761 1383 1918 1442 Itaque
1951 1383 2015 1428 sic
2043 1398 2287 1428 sermonem
2310 1381 2580 1443 distinguen-

482 1465 552 1505 tes
584 1462 706 1518 (nam
736 1473 792 1503 ne
812 1458 1077 1504 Weidnerus
1110 1459 1286 1515 quidem
1318 1472 1416 1502 cum
1436 1472 1609 1503 versum
1640 1460 1823 1503 retineat
1854 1464 1930 1502 aut
1959 1457 2313 1516 inter-pungendo
2346 1464 2419 1502 aut
2445 1459 2580 1516 expli-

484 1533 626 1579 cando
658 1534 889 1591 satisfacit)

842 1609 898 1653 50
957 1607 1075 1653 Nam
1106 1608 1143 1652 si
1174 1606 1389 1663 discedas,
1419 1607 1574 1665 laqueo
1605 1613 1724 1652 tenet
1755 1607 1975 1652 ambitiosi

958 1680 1243 1725 Consuetudo
1274 1681 1402 1725 mali.v
1456 1681 1584 1726 Tenet
1610 1681 1846 1726 insanabile
1874 1682 2025 1725 multos

959 1755 1180 1800 scribendi
1206 1756 1411 1799 cacoethes
1441 1764 1482 1799 et
1508 1770 1632 1815 asyro
1662 1758 1709 1798 in
1739 1757 1861 1800 corde
1890 1757 2073 1810 senescit,

840 1831 896 1875 53
959 1830 1045 1875 Sed
1074 1838 1207 1874 vatem
1237 1832 1447 1890 e‘y‘reyium

840 1908 895 1949 57
957 1907 1192 1949 Anxietate
1224 1919 1377 1949 carens
1409 1906 1579 1949 animus
1609 1906 1716 1949 facit

483 1981 594 2025 duas
626 1981 855 2025 statuimus
887 1980 1124 2024 sententias
1155 1986 1362 2033 secretas,
1394 1994 1578 2036 quarum
1609 1980 1748 2024 altera
1777 1982 1817 2024 si
1835 1982 2038 2033 discedas,
2071 1981 2217 2036 laqueo
2240 1987 2343 2023 tenet
2367 1980 2580 2023 ambitiosi

489 2056 751 2115 Consuetudo
780 2055 887 2098 mali
914 2054 1046 2111 plena
1074 2069 1154 2111 per
1174 2069 1221 2098 se
1253 2055 1521 2111 superiorem
1550 2060 1707 2112 poetae
1735 2055 1954 2112 querelam
1986 2054 2150 2098 claudit
2181 2054 2416 2111 aptissime,
2447 2069 2581 2098 causa

486 2132 617 2175 etiam
647 2130 841 2173 indicata
871 2144 950 2172 cur
979 2136 1132 2187 poetae
1163 2115 1363 2186 quamvis
1393 2129 1710 2173 infructuosum
1741 2145 1853 2188 opus
1874 2128 2076 2173 deserere
2100 2129 2263 2182 nolint3
2294 2129 2429 2172 altera
2455 2128 2582 2172 Tenet

485 2206 719 2250 insanabile
748 2205 900 2248 multoe
921 2203 1141 2248 Scribendi
1169 2205 1374 2248 cacoethes
1404 2211 1445 2246 et
1474 2218 1596 2262 aeqro
1627 2206 1673 2246 in
1703 2205 1825 2248 corde
1853 2206 2022 2248 senescit
2050 2210 2093 2247 et
2121 2203 2217 2260 ipsa
2245 2203 2419 2261 integra
2444 2218 2581 2261 oppo-

487 2280 657 2325 sitionis
689 2280 832 2338 gratia
860 2279 1085 2323 interiecta
1116 2279 1262 2323 colore
1294 2284 1469 2336 sumpto
1501 2278 1557 2322 ab
1583 2278 1658 2322 illa
1686 2278 1992 2336 percommode
2022 2281 2253 2323 transitum
2283 2284 2410 2337 parat
2441 2277 2497 2321 ad
2529 2292 2582 2321 ea

486 2371 599 2412 quae
620 2354 826 2411 deinceps
856 2358 985 2411 poeta
1015 2353 1069 2397 de
1092 2362 1184 2397 vate
1204 2354 1366 2412 eqreyio
1387 2353 1651 2409 exsequitur.
1696 2350 1966 2398 ‘Sunt'sane
1993 2354 2117 2397 multi
2138 2369 2248 2411 quos
2270 2353 2489 2398 scribendi
2509 2367 2583 2397 ca—

487 2427 667 2472 coethes
705 2427 836 2471 etiam
872 2428 918 2471 in
955 2427 1227 2486 aegritudine
1262 2433 1429 2482 teneat,
1476 2426 1555 2472 sed
1590 2431 1737 2470 vatem
1774 2442 1925 2470 verum
1967 2428 2135 2471 animus
2176 2428 2390 2471 anxietate
2428 2442 2582 2471 carens

486 2501 626 2546 facit.’
671 2499 797 2556 Quae
829 2502 867 2545 si
898 2503 960 2545 ita
986 2508 1105 2545 recte
1125 2501 1471 2559 interpretamur,
1501 2500 1686 2560 intellig-i
1716 2516 1797 2559 par
1816 2507 1898 2556 est,
1928 2499 2216 2545 Ribbeckium
2236 2501 2393 2545 iniuria
2414 2508 2458 2545 et
2481 2510 2586 2545 tenet

488 2577 722 2635 repetitum
754 2582 797 2620 et
825 2577 978 2621 multos
998 2577 1287 2635 vituperasse,
1318 2577 1442 2620 cuius
1471 2576 1570 2619 loco
1604 2583 1639 2619 te
1668 2590 1908 2634 pronomen
1939 2575 2254 2634 expectandum
2274 2576 2408 2621 fuisse
2431 2575 2584 2620 scribit

487 2653 618 2709 plane
649 2658 824 2709 praeter
844 2653 1100 2696 sententiam
1129 2657 1299 2708 poetae.
1346 2651 1463 2707 mud
1483 2666 1658 2708 quoque
1679 2658 1878 2709 apertum
1898 2651 2083 2705 videtur,
2113 2651 2226 2694 hanc
2247 2652 2456 2695 orationis
2478 2666 2583 2694 con-

488 2725 790 2772 formationem
821 2740 952 2783 quam
983 2725 1269 2781 declaramus,
1300 2739 1562 2783 quamquam
1593 2725 1760 2783 aliquid
1789 2725 1953 2783 proprii
1983 2724 2115 2769 habet
2145 2738 2196 2769 ac
2227 2724 2402 2781 diversi,
2436 2731 2585 2771 tamen

488 2799 680 2858 quodam
712 2800 987 2860 cognationis
1018 2800 1194 2844 vinculo
1226 2799 1434 2859 coniungi
1465 2813 1565 2843 cum
1594 2799 1681 2844 illis
1714 2813 1824 2857 quae
1856 2799 1999 2843 adhuc
2030 2799 2324 2844 tractavimus.

1504 2978 1631 3030 pretio
1660 2978 1810 3017 maiore
1835 2985 1997 3029 paratus

1032 3048 1163 3100 Quam
1191 3048 1266 3088 fuit
1293 3055 1333 3088 et
1361 3047 1473 3088 Tulli
1500 3058 1642 3086 census
1671 3046 1860 3098 pugnacis
1890 3053 1930 3086 et
1957 3047 2059 3086 Anci

1033 3118 1087 3156 Et
1115 3130 1164 3156 ne
1192 3124 1232 3156 te
1260 3123 1414 3156 teneam
1442 3115 1710 3154 Romanorum
1739 3113 1872 3153 omnia
1899 3127 2037 3167 regum

1033 3183 1208 3223 Frivola.
