2983 3808
1535 110 1599 157 22

987 241 1080 288 Sed
1111 247 1233 286 vetat
1264 242 1406 300 optari
1436 242 1591 286 faciem
1621 241 1832 287 Lucretia
1863 242 2035 299 qualem

984 316 1092 375 Ipsa
1122 316 1292 372 habuit,
1324 322 1505 375 cuperet
1535 315 1714 362 Rutilae
1734 316 1947 376 Verginia
1977 317 2159 376 gibbum
2234 338 2237 339 ⁷

837 392 923 436 295
985 391 1201 450 Accipere
1232 397 1363 448 atque
1399 407 1523 436 suam
1553 391 1729 437 Rutilae
1760 391 1881 447 dare,

509 481 633 511 suam
661 472 766 525 post
795 466 1074 509 interiectum
1100 466 1273 524 qibbum
1292 465 1513 509 difficilius
1535 465 1592 509 ad
1612 465 1774 523 faciem
1803 465 1929 510 redit.
1979 464 2100 521 Quid
2132 482 2239 526 ergo
2264 473 2358 512 erat
2378 467 2495 525 quod
2515 467 2619 512 Iah-

507 542 650 596 nium,
685 541 907 584 hominem
937 540 1346 598 prudentissimum,
1377 547 1574 584 moveret
1604 548 1654 585 ut
1684 541 1954 599 aptissimam
1985 540 2196 585 librorum
2228 543 2486 600 scripturam
2517 543 2616 586 loco

508 615 731 669 deiiceret,
762 616 1018 658 coniectura
1047 621 1279 671 reponeret
1309 614 1429 670 quod
1459 615 1580 658 nullo
1611 622 1743 672 paeto
1773 615 1947 672 placere
1977 612 2152 672 potest?
2197 615 2369 673 Nempe
2402 617 2616 660 scholium

508 689 566 733 ad
601 689 719 733 hunc
756 704 929 734 versum
969 688 1240 745 adscriptum
1282 689 1412 731 istam
1456 689 1609 732 testari
1645 689 1885 733 orationem
1921 690 2064 732 visum
2110 694 2197 731 est:
2245 690 2363 746 quod
2399 690 2616 734 scholium

506 763 690 808 Iahnius
735 765 799 807 ita
845 762 983 808 edidit
1026 765 1083 807 44
1129 776 1184 805 Ac
1228 776 1328 804 mni:
1372 774 1514 804 cri-Am
1557 764 1836 816 [scam-mn}
1890 766 1956 808 lea,-
2001 765 2052 807 de
2095 764 2329 818 infamibus
2366 766 2614 822 puniendis.

507 838 736 882 Scantinia
757 853 867 882 voce
900 838 955 882 ab
977 838 1075 896 ipso
1103 838 1287 884 adiecta.
1334 840 1472 896 Atqui
1503 854 1602 883 cum
1631 839 1718 885 hoc
1748 855 1837 884 uno
1858 839 2026 884 scholio
2058 838 2096 882 si
2127 853 2197 882 res
2226 844 2359 892 esset,
2390 839 2454 882 sic
2484 840 2617 882 ratio-

507 913 774 968 cinaremur,
814 913 1022 970 quoniam
1053 912 1113 956 ibi
1145 929 1196 957 ac
1225 915 1319 957 iure
1350 919 1489 968 extat,
1526 929 1615 957 non
1645 931 1697 958 ao
1728 913 2012 971 depravatum
2043 911 2123 957 sed
2158 911 2317 970 pusillo
2349 928 2494 956 errore
2524 915 2617 957 iure

507 988 720 1046 scriptum
750 1003 832 1046 pro
854 1003 907 1033 eo
930 987 1048 1044 quod
1079 987 1269 1032 debebat
1297 990 1409 1033 iura.
1459 987 1549 1033 Sed
1579 989 1840 1033 incurrimus
1861 989 1907 1033 in
1928 988 2227 1046 q'uaestionem
2256 987 2344 1031 late
2375 993 2617 1045 patentem,

508 1063 633 1106 cuius
665 1063 703 1107 si
732 1078 822 1106 non
853 1061 1153 1120 profligandae
1176 1069 1221 1106 at
1241 1062 1527 1121 exponendae
1548 1064 1824 1108 occasionem
1856 1064 1911 1108 ab
1932 1063 2007 1106 illo
2028 1078 2157 1107 versu
2188 1062 2336 1106 datam
2367 1077 2456 1106 non
2488 1064 2616 1107 omit-

506 1143 659 1180 temus.
721 1137 899 1180 Etenim
928 1136 1132 1179 Iahnium
1163 1136 1332 1195 species
1362 1136 1538 1196 decepit
1569 1137 1666 1196 qui,
1704 1138 1808 1196 quia
1837 1137 2063 1182 adnotatio
2093 1138 2181 1182 ista
2211 1138 2276 1181 lea·
2306 1137 2357 1181 de
2386 1136 2619 1192 infamibus

503 1215 735 1271 puniendis
764 1213 908 1270 legem
931 1212 1202 1254 Scantiniam
1223 1212 1345 1266 dicit,
1377 1219 1421 1254 et
1452 1213 1538 1255 hoc
1559 1228 1718 1256 nomen
1750 1213 1806 1256 ad
1837 1213 1995 1256 lemma
2015 1211 2306 1256 adiiciendum
2338 1217 2383 1255 et
2409 1227 2462 1255 ex
2484 1213 2617 1256 inter-

506 1289 644 1345 pretis
676 1294 819 1329 mente
852 1302 877 1328 a
907 1287 1054 1329 verbis
1086 1301 1138 1328 ao
1167 1288 1260 1328 iure
1291 1289 1418 1329 citari
1422 1318 1435 1340 ,
1474 1287 1636 1345 quippe
1667 1302 1779 1345 quae
1816 1287 1945 1330 aliter
1974 1286 2163 1330 addendi
2195 1301 2327 1330 causa
2361 1301 2450 1329 non
2482 1293 2616 1343 esset,

505 1377 666 1404 novam
698 1362 942 1403 orationem
975 1360 1108 1402 ordiri
1139 1362 1322 1417 putavit.
1377 1361 1575 1416 Quorum
1605 1368 1835 1418 utrumque
1866 1361 2025 1404 falsum
2056 1374 2173 1415 esse,
2209 1361 2459 1403 lemmatum
2490 1368 2617 1405 natu-

504 1452 597 1480 ram
627 1436 912 1493 perspicienti
941 1435 1068 1478 facile
1099 1435 1452 1492 persuadebitur:
1485 1452 1596 1492 quae
1624 1437 1822 1493 quamvis
1853 1437 2029 1479 minime
2061 1435 2251 1479 obscura
2281 1436 2353 1490 sit,
2383 1442 2530 1479 tamen
2561 1437 2616 1480 ab

504 1511 559 1555 iis
591 1511 666 1567 qui
697 1511 766 1554 his
788 1515 990 1554 vetustae
1022 1510 1394 1567 interpretationis
1426 1511 1620 1567 reliquiis
1643 1526 1820 1568 operam
1846 1510 2154 1567 impenderunt
2185 1525 2284 1553 cum
2304 1525 2466 1567 magno
2489 1511 2617 1555 scho-

504 1585 661 1629 liorum
692 1584 853 1627 damno
884 1584 1087 1642 neglecta
1118 1591 1198 1627 est.
1245 1583 1464 1627 Nimirum
1495 1586 1710 1641 interpres
1743 1586 2063 1629 adnotamentis
2095 1585 2184 1628 suis
2216 1599 2304 1627 non
2333 1592 2424 1627 tam
2456 1591 2615 1642 poetae

504 1660 641 1703 verba
671 1665 748 1702 aut
779 1659 1020 1703 sententias
1042 1659 1113 1701 vel
1146 1659 1463 1702 sententiarum
1493 1660 1729 1716 particulas
1761 1674 1870 1714 quas
1900 1660 2212 1716 interpretatur
2243 1659 2322 1704 sed
2350 1675 2500 1703 eorum
2520 1675 2618 1703 ver-

509 1750 635 1778 suum
671 1735 717 1776 in
755 1733 912 1790 quibus
948 1733 1110 1790 legitur
1147 1733 1265 1789 quod
1301 1732 1613 1777 declarandum
1655 1734 1826 1792 putavit
1860 1734 1983 1777 initia
2019 1740 2095 1777 aut
2131 1740 2325 1778 extrema
2360 1735 2615 1792 praemittit,

507 1823 835 1863 nonnumquam
856 1813 1104 1863 utrumque,
1137 1813 1181 1850 et
1210 1807 1381 1850 initium
1405 1814 1449 1851 et
1469 1808 1615 1862 finem,
1648 1824 1735 1864 quo
1756 1808 1896 1865 magis
1927 1808 2121 1864 patefiat,
2152 1823 2323 1863 versus,
2354 1824 2443 1851 non
2465 1809 2616 1863 verba,

508 1882 759 1940 significari.
810 1880 943 1936 Quod
973 1881 1036 1924 ita
1068 1896 1164 1924 esse
1195 1881 1412 1939 intelliget
1442 1882 1516 1938 qui
1537 1882 1608 1925 vel
1641 1882 1696 1925 ad
1717 1898 1847 1925 unam
1870 1881 2045 1924 satiram
2067 1882 2236 1925 scholia
2264 1882 2486 1940 adscripta
2515 1899 2614 1940 per-

506 1956 758 2000 lustraverit
786 1972 930 2012 neque
960 1954 1181 2005 dubitabit
1211 1964 1287 1999 aut
1318 1973 1344 1999 a
1371 1972 1475 1999 vera
1506 1957 1723 2000 sententia
1754 1955 1906 2000 seduci
1937 1971 1984 1999 se
2015 1957 2206 2013 patietur
2234 1963 2468 2014 propterea
2499 1958 2618 2014 quod

508 2030 812 2075 consuetudini
843 2046 982 2087 paene
1015 2030 1234 2073 constanti
1264 2031 1477 2074 nonnulla
1508 2032 1705 2074 immixta
1735 2036 1837 2074 sunt
1869 2047 1980 2086 quae
2001 2031 2300 2084 adversantur,
2332 2031 2410 2074 sed
2432 2047 2617 2086 quorum

506 2104 763 2163 plerumque
799 2104 940 2148 facilis
971 2104 1202 2162 explicatio
1235 2111 1315 2149 est.
1377 2104 1448 2148 Ex
1480 2120 1532 2149 ea
1562 2120 1667 2149 vero
1705 2105 1872 2148 ratione
1911 2104 2034 2149 locos
2073 2111 2117 2149 et
2147 2121 2323 2159 versus,
2361 2121 2450 2149 non
2482 2106 2616 2150 verba

508 2187 553 2224 et
584 2181 847 2235 orationem,
883 2178 1106 2224 indicandi
1137 2186 1286 2223 natum
1319 2187 1387 2224 est
1419 2179 1537 2237 quod
1568 2195 1701 2238 saepe
1739 2180 1786 2223 in
1816 2179 1885 2225 his
1915 2179 2132 2224 lemmatis
2165 2178 2385 2224 adduntur
2417 2196 2528 2238 quae
2559 2180 2616 2224 ad

507 2256 908 2313 interpretationem
939 2254 1049 2298 nihil
1079 2254 1313 2311 pertinent,
1345 2255 1608 2300 omittuntur
1638 2260 1782 2299 autem
1816 2270 1868 2298 ea
1897 2255 1995 2312 ipsa
2015 2270 2126 2312 quae
2148 2255 2431 2313 explicantur.
2482 2254 2616 2311 Quod

508 2345 608 2373 cum
638 2330 820 2373 Iahnius
857 2329 1005 2373 nescio
1037 2344 1124 2385 quo
1157 2343 1262 2372 casu
1293 2345 1379 2373 non
1413 2329 1694 2384 attendisset,
1729 2330 1894 2372 factum
1926 2335 1995 2373 est
2029 2335 2078 2372 ut
2116 2344 2248 2387 saepe
2285 2344 2365 2374 suo
2402 2330 2615 2374 arbitratu

506 2403 564 2447 ad
593 2404 798 2447 lemmata
828 2402 1055 2457 adiiceret,
1091 2403 1249 2460 quibus
1280 2404 1582 2462 interpretatio
1614 2418 1762 2447 carere
1793 2417 1882 2446 non
1912 2417 2044 2460 posse
2075 2402 2312 2458 videretur,
2351 2419 2616 2460 quamquam

505 2479 644 2521 multa
674 2493 787 2534 quae
819 2479 1001 2521 eandem
1031 2480 1244 2522 rationem
1271 2484 1558 2535 sequerentur
1577 2478 1698 2521 nullo
1720 2477 2019 2520 additamento
2051 2482 2179 2520 aucta
2208 2478 2512 2534 praetermisit.
2559 2478 2615 2521 Id

508 2567 682 2608 quoque
712 2567 802 2594 non
833 2553 896 2594 ita
924 2567 1024 2595 raro
1056 2552 1235 2606 accidit,
1274 2559 1324 2595 ut
1360 2552 1564 2595 lemmata
1605 2566 1695 2594 non
1729 2551 1822 2594 eius
1854 2566 2006 2594 versus
2038 2551 2162 2594 cuius
2193 2550 2414 2595 debebant
2443 2552 2614 2595 initium

506 2633 582 2670 aut
609 2627 742 2670 finem
772 2632 1094 2684 praeponerent
1125 2626 1201 2670 sed
1232 2627 1419 2684 proximi
1451 2627 1542 2670 sive
1565 2626 1803 2684 superioris
1835 2625 1927 2668 sive
1952 2625 2183 2669 inferioris.
2235 2624 2360 2682 Quae
2392 2626 2466 2684 qui
2496 2641 2614 2670 nunc

507 2702 727 2759 corrigere
759 2701 885 2755 velit,
921 2700 967 2744 id
998 2701 1118 2757 quod
1149 2701 1328 2745 Iahnius
1360 2701 1571 2756 instituit,
1610 2699 1847 2743 verendum
1880 2706 1947 2743 est
1982 2715 2037 2742 ne
2069 2701 2335 2745 scholiorum
2367 2701 2615 2744 condicioni

505 2783 624 2819 recte
656 2775 952 2819 aestimandae
983 2776 1148 2819 officiat
1178 2777 1318 2835 magis
1350 2791 1482 2834 quam
1513 2791 1664 2819 eorum
1695 2775 1934 2834 integritati
1965 2776 2118 2833 prosit.
2167 2775 2284 2820 Nam
2310 2776 2413 2820 licet
2433 2791 2514 2820 nos
2538 2776 2614 2832 qui

506 2850 703 2894 codicem
734 2851 1025 2895 Pithoeanum
1056 2867 1144 2895 non
1176 2853 1458 2896 tractavimus
1489 2851 1544 2894 de
1575 2851 1740 2905 multis,
1777 2865 1888 2907 quae
1918 2851 1964 2894 in
1996 2851 2063 2894 his
2097 2850 2276 2896 scholiis
2307 2851 2533 2895 offendunt
2563 2867 2614 2895 ac

505 2927 709 2981 retinent,
731 2927 892 2970 certius
912 2925 1106 2970 iudicare
1127 2941 1215 2970 non
1237 2927 1491 2981 audeamus,
1518 2926 1603 2969 hoc
1624 2931 1771 2969 tamen
1794 2940 1847 2968 ex
1868 2926 1966 2983 ipsa
1986 2926 2238 2969 lemmatum
2258 2927 2425 2970 ratione
2448 2941 2612 2984 cogno-

506 3016 628 3045 scere
659 3002 785 3044 nobis
805 3002 888 3044 visi
918 3016 1083 3055 sumus,
1115 3002 1358 3058 antiquitus
1389 3001 1469 3045 has
1502 3000 1808 3044 adnotationes
1841 3001 1935 3044 sine
1966 3000 2181 3043 lemmatis
2213 3000 2269 3043 ad
2299 3001 2494 3058 ipsorum
2515 3016 2612 3044 ver-

506 3091 632 3118 suum
663 3076 786 3118 initia
816 3076 887 3119 vel
916 3075 1027 3119 fines
1058 3076 1103 3119 in
1134 3076 1329 3133 margine
1361 3074 1517 3119 dextro
1549 3080 1625 3118 aut
1654 3074 1830 3118 sinistro
1862 3073 2105 3132 adscriptas
2137 3089 2250 3129 esse,
2284 3081 2442 3132 postea
2471 3075 2612 3132 prima

506 3151 573 3193 vel
606 3157 799 3194 extrema
829 3166 1033 3194 versuum
1060 3150 1195 3194 verba
1225 3150 1479 3194 lemmatum
1510 3149 1608 3192 loco
1640 3149 1811 3192 adiecta
1842 3147 1899 3192 ad
1931 3149 2172 3206 spatiorum
2202 3164 2450 3193 mensuram
2481 3149 2635 3194 modo·
