2983 3808
1475 130 1504 177 9
2350 101 2376 143 Q

758 263 842 305 135
905 262 1086 319 Optima
1116 263 1322 306 silvarum
1353 265 1522 306 interea
1552 265 1782 319 pelagique
1814 264 1986 306 vorabit

904 335 1002 380 Rex
1031 336 1186 381 horum
1215 337 1451 394 vacuisque
1480 337 1590 380 toris
1620 343 1791 380 tantum
1820 338 1917 395 ipse
1945 338 2122 381 iacebit:

903 410 1020 456 Nam
1052 411 1107 457 de
1136 417 1206 457 tot
1234 411 1431 471 pulchris
1463 418 1508 457 et
1536 412 1638 457 latis
1671 412 1851 457 orbibus
1883 419 1928 456 et
1957 419 2047 456 tam

904 486 1112 544 Antiquis
1142 503 1230 530 una
1260 486 1498 531 comedunt
1526 487 1785 544 patrimonia
1814 503 1975 532 mensa.

904 559 1070 605 Nullus
1098 562 1188 605 iam
1210 563 1435 619 parasitus
1464 563 1565 607 erit.-
1597 561 1672 605 sed
1701 561 1799 617 quis
1829 561 1942 605 ferat
1971 562 2078 606 istas

758 635 845 679 140
903 635 1127 680 Luxuriae
1158 633 1341 680 sordes?
1370 640 1537 691 quanta
1567 641 1635 679 est
1665 635 1785 693 gula,
1815 650 1928 692 quae
1960 635 2042 679 sibi
2072 643 2190 680 totos

907 709 1038 753 Ponit
1069 725 1215 766 apros,
1246 708 1403 752 animal
1424 715 1615 767 propter
1645 709 1846 752 convivia
1875 716 2038 753 natum.

431 785 494 829 Et
522 784 569 828 in
599 783 668 827 his
690 783 864 840 quidem
894 783 1119 840 exemplis,
1149 798 1335 840 quorum
1366 783 1410 825 in
1440 783 1672 841 propatulo
1695 789 1763 826 est
1792 799 1904 839 quae
1936 784 1994 827 sit
2025 785 2259 828 similitudo
2291 786 2406 829 inter
2435 787 2532 843 ipsa

402 849 407 853 ¹
431 864 477 903 et
507 874 607 903 cum
626 857 826 902 versibus
857 873 968 913 quos
1000 872 1133 914 supra
1162 856 1458 914 disceptamus
1490 858 1652 900 satirae
1685 858 1911 915 septimae,
1941 858 2050 901 nihil
2081 864 2289 903 novatum
2310 865 2378 904 est
2398 875 2425 903 a
2446 862 2531 904 cri-

431 933 547 988 ticis,
578 931 657 976 sed
688 932 733 975 in
764 932 898 976 satira
928 932 1081 988 quinta
1112 946 1211 974 cum
1242 931 1352 974 haec
1381 932 1585 989 legantur

759 1007 843 1048 125
904 1006 1096 1048 Duceris
1131 1005 1281 1062 planta
1309 1005 1431 1047 velut
1461 1006 1574 1049 ictus
1605 1006 1660 1049 ab
1690 1006 1882 1049 Hercule
1914 1004 2060 1050 Cacus

907 1081 969 1124 Et
998 1095 1162 1138 ponere
1192 1080 1313 1134 foris,
1345 1081 1383 1124 si
1414 1080 1520 1137 quid
1550 1078 1831 1138 temptaveris
1861 1096 2067 1139 umquam

908 1156 1107 1210 Hiscere,
1136 1162 1359 1211 tamquam
1391 1155 1555 1199 habeas
1585 1156 1670 1198 tria
1698 1156 1887 1199 nomina.
1930 1157 2105 1213 quando
2138 1158 2340 1215 propinat

909 1230 1040 1273 Virro
1071 1230 1151 1273 tibi
1183 1230 1369 1272 sumitve
1399 1230 1487 1272 tuis
1520 1235 1723 1273 contacta
1753 1231 1924 1274 labellis

908 1303 1099 1348 Pocula?
1131 1304 1228 1360 quis
1260 1310 1453 1347 vestrum
1483 1305 1739 1348 temerarius
1770 1319 1911 1361 usque
1943 1305 2068 1360 aden,
2101 1307 2198 1363 quis

763 1380 849 1423 130
908 1379 1127 1433 Perditus,
1158 1384 1208 1420 ut
1238 1378 1357 1421 dicat
1387 1379 1481 1435 regi
1509 1376 1670 1422 ‘bibe'?
1730 1379 1930 1421 Plurima
1960 1387 2062 1422 eune
2090 1395 2200 1437 quae

909 1453 1011 1494 Non
1041 1454 1200 1494 audent
1228 1453 1410 1493 homines
1432 1460 1608 1509 pertusa
1640 1454 1775 1494 dicere
1807 1454 1946 1495 laena.

911 1526 1245 1584 Quadringenta
1273 1525 1354 1568 tibi
1385 1526 1423 1569 si
1453 1525 1552 1581 quis
1583 1525 1692 1569 deus
1724 1531 1800 1568 aut
1830 1525 1983 1569 similis
2014 1526 2082 1570 dis

909 1601 971 1644 Et
1001 1600 1151 1644 melior
1180 1600 1281 1643 fatis
1313 1599 1499 1643 donaret
1530 1599 1779 1655 homuncio,
1811 1607 2002 1657 quantus

909 1675 980 1718 Ex
1011 1675 1161 1728 nihilo,
1193 1680 1381 1730 quantus
1411 1674 1542 1716 fieres
1562 1674 1764 1717 Virronis
1795 1675 1974 1717 amicus.

765 1749 849 1794 135
910 1746 1001 1792 ‘Da
1029 1746 1208 1792 Trebio'
1236 1745 1366 1807 ‘pone
1398 1747 1455 1792 ad
1484 1746 1710 1792 Trebium'
1738 1745 1838 1804 ‘vis,
1867 1749 2019 1804 frater,
2050 1750 2104 1794 ab
2135 1750 2242 1807 ipsis

909 1822 1098 1867 Ilibus?’
1128 1839 1153 1867 o
1186 1824 1365 1878 nummi,
1396 1823 1521 1867 vobis
1553 1823 1671 1866 hunc
1702 1829 1899 1880 praestat
1928 1824 2153 1878 honorem,

912 1898 1007 1942 Vos
1039 1899 1144 1942 estis
1175 1899 1346 1943 fratres.
1385 1897 1587 1942 dominus
1616 1903 1763 1941 tamen
1794 1905 1839 1942 et
1869 1898 2036 1942 domini
2065 1916 2141 1943 rex

912 1972 961 2018 Si
993 1973 1059 2016 vis
1089 1978 1139 2016 tu
1169 1973 1280 2028 fieri,
1310 1973 1455 2018 nullus
1486 1972 1565 2016 tibi
1595 1973 1804 2030 parvulus
1836 1972 1936 2017 aula

911 2047 1092 2091 Luserit
1122 2035 1295 2091 Aeneas
1327 2063 1409 2092 nec
1438 2048 1530 2092 filia
1560 2048 1730 2093 dulcior
1760 2048 1847 2093 illo.

610 2116 617 2127 ⁴
672 2148 728 2156 —
763 2124 849 2166 140
908 2122 1152 2164 Iucundum
1182 2130 1224 2165 et
1250 2138 1400 2166 carum
1428 2124 1582 2167 sterila
1601 2123 1718 2178 facit
1745 2138 1854 2167 uxor
1882 2125 2080 2177 amicum,

914 2195 1000 2239 Sed
1032 2204 1106 2238 tua
1137 2212 1251 2238 nunc
1281 2195 1457 2254 Mycale
1488 2197 1630 2254 pariat
1661 2197 1763 2241 licet
1792 2203 1835 2241 et
1864 2213 2025 2254 pueros
2055 2204 2144 2242 tres

913 2270 967 2312 In
998 2269 1210 2327 gremium
1240 2271 1379 2327 patris
1409 2270 1566 2314 fundat
1596 2272 1731 2315 semel
2577 2326 2580 2329 Α

439 2348 560 2405 prius
591 2345 702 2389 illud
733 2345 977 2402 exemplum
1010 2347 1071 2401 (v.
1098 2345 1203 2401 130)
1236 2346 1477 2389 communis
1509 2346 1748 2389 sententiae
1779 2361 1892 2402 quae
1923 2351 1967 2390 et
1986 2347 2287 2405 complectitur
2315 2346 2463 2404 priora
2495 2353 2539 2390 et

441 2422 513 2464 cui
533 2424 816 2478 opponuntur
835 2419 1112 2475 insequentia
1143 2419 1323 2475 (licebat
1353 2419 1468 2462 enim
1489 2419 1574 2463 Sed
1593 2420 1928 2478 quadrinqenta)
1959 2436 2046 2464 non
2067 2434 2170 2464 sane
2195 2425 2425 2476 temptant,
2457 2434 2539 2464 nec

439 2495 567 2539 facile
596 2494 843 2552 patiebatur
869 2497 1103 2536 metrorum
1135 2492 1435 2548 conformatio,
1466 2493 1650 2537 alterum
1681 2494 1743 2550 (v.
1770 2495 1893 2552 140),
1922 2500 2074 2551 utpote
2094 2508 2181 2536 uno
2202 2508 2334 2537 versu
2353 2493 2540 2548 finitum,

441 2567 717 2612 tolerandum
749 2581 846 2610 esse
877 2571 1058 2622 negant3
1096 2581 1179 2609 nec
1209 2573 1356 2609 tamen
1387 2567 1480 2610 eius
1510 2567 1622 2610 ratio
1653 2566 1829 2611 diversa
1860 2573 1928 2611 est
1963 2573 2039 2610 aut
2070 2582 2096 2609 a
2123 2567 2345 2623 superiore
2377 2573 2454 2611 aut
2484 2568 2540 2612 ab

440 2643 494 2685 iis
527 2657 638 2699 quae
670 2647 771 2684 ante
802 2640 1104 2698 congessimus
1137 2640 1358 2697 exempla:
1397 2641 1559 2698 quippe
1591 2640 1646 2683 de
1677 2655 1765 2683 uno
1796 2641 1916 2697 quod
1946 2641 2115 2684 dixerat
2143 2646 2296 2697 poeta,
2335 2641 2541 2686 universo

440 2715 603 2760 iudicio
634 2715 862 2760 confirmat
902 2714 1066 2771 (possis
1104 2730 1207 2757 uam
1242 2714 1501 2771 particulam
1538 2714 1719 2772 addere)
1761 2716 1888 2759 simul
1925 2721 1973 2759 ut
2011 2721 2244 2772 praeparet
2280 2716 2545 2760 sententiam

439 2791 705 2836 contrariam
737 2797 783 2835 et
811 2789 1081 2834 ieiunitatem
1112 2789 1321 2834 orationis
1351 2790 1551 2848 refugiat.
1612 2788 1701 2835 Sed
1732 2790 1832 2834 vide
1863 2791 1960 2834 alia.

648 2865 741 2912 Sat.
758 2877 823 2920 vx,
855 2865 941 2908 486

768 2940 853 2984 481
917 2938 1136 2982 Verberat
1166 2944 1299 2995 atque
1330 2938 1473 2982 obiter
1501 2939 1656 2982 faciem
1685 2939 1796 2993 linit,
1827 2938 1949 2981 audit
1978 2939 2140 2982 amicas

919 3012 1013 3056 Aut
1042 3012 1179 3056 latum
1209 3013 1355 3071 pictae
1386 3013 1521 3057 vestis
1553 3012 1802 3057 considerat
1831 3028 1983 3056 aurum

920 3087 983 3130 Et
1012 3086 1169 3143 caedit,
1200 3087 1324 3147 longi
1354 3087 1509 3145 relegit
1538 3093 1786 3131 transversa
1815 3086 1960 3130 diurni

924 3161 985 3204 Et
1016 3162 1176 3217 caedit,
1207 3161 1349 3206 donec
1379 3162 1505 3206 lassis
1537 3161 1816 3206 caedentibus
1846 3159 1948 3205 ‘exi’
