2983 3808
1504 123 1563 171 19

954 257 1099 302 Tanto
1130 257 1316 302 maiores
1348 256 1538 302 humana
1566 257 1746 315 negotia
1774 257 1880 302 ludi.

806 333 893 376 265
951 333 1028 376 An
1056 333 1192 390 maqie
1222 331 1444 376 oblectant
1475 332 1665 376 animum
1695 332 1856 377 iactata
1884 340 2066 391 petauro

955 405 1184 464 Corpora?
1734 411 1736 413 “

683 479 777 527 Sat.
799 494 879 536 xv,
915 482 998 526 122
1492 503 1502 509 ·
1820 503 1828 509 ·

779 591 781 594 ⁴
805 556 891 600 120
1093 570 1204 612 quae
1235 561 1358 599 tanta
1386 555 1524 600 fames
1554 556 1801 613 infestaque
1832 557 1947 600 vallo

953 630 1090 674 Arma
1120 635 1356 689 coegerunt
1384 635 1475 673 tam
1507 629 1764 675 detestabile
1793 637 2037 676 monstrum

952 703 1156 748 Audere?
1215 703 1341 748 Anne
1370 705 1502 748 aliam
1532 711 1651 749 terra
1675 704 1971 764 Memphitide
2002 706 2119 750 sicca

952 778 1168 823 Invidiam
1198 779 1390 839 facerent
1420 779 1585 823 nolenti
1616 794 1796 839 surgere
1826 779 1960 824 Nilo?

684 853 777 900 Sat.
800 865 882 908 vn,
914 854 996 896 179

1494 914 1708 971 porticus,
1738 914 1784 956 in
1814 929 1902 971 qua

956 987 1168 1030 Gestetur
1198 987 1415 1042 dominus,
1445 988 1645 1045 quotiens
1675 988 1805 1045 pluit:
1844 1004 1953 1032 anne
1983 1002 2174 1031 serenam

806 1062 892 1105 180
951 1062 1172 1119 Expectet
1204 1067 1468 1120 spargatque
1498 1063 1593 1105 luto
1624 1063 1818 1106 iumenta
1848 1063 2042 1107 recenti?

952 1132 1040 1180 Hic
1070 1138 1233 1192 potius,
1262 1152 1449 1191 namque
1481 1138 1554 1180 hic
1584 1138 1772 1180 mundae
1802 1139 1913 1181 nitet
1943 1140 2110 1195 ungula
2139 1139 2280 1181 mulae

479 1212 589 1254 haec
624 1211 670 1254 in
704 1226 839 1254 unum
875 1212 1019 1255 locum
1055 1211 1243 1255 collecta
1279 1210 1382 1254 dum
1418 1211 1735 1268 perlustramus
1780 1212 1826 1254 in
1864 1228 1958 1255 eam
1997 1213 2258 1255 sententiam
2294 1212 2490 1256 ducimur
2523 1219 2574 1256 ut

478 1285 644 1340 omnia,
680 1285 842 1344 quippe
873 1301 985 1343 quae
1021 1301 1155 1328 unum
1186 1284 1457 1342 eundemque
1494 1301 1658 1328 morem
1695 1292 1850 1343 poetae
1886 1286 2098 1341 referant,
2136 1302 2183 1330 se
2221 1286 2405 1330 invicem
2440 1287 2574 1330 tutari

477 1359 755 1414 arbitremur3
793 1358 999 1417 quodque
1030 1359 1185 1403 horum
1220 1365 1489 1417 postremum
1520 1360 1703 1404 fecimus
1735 1360 2003 1419 exemplum,
2040 1361 2086 1403 in
2118 1376 2170 1404 eo
2203 1361 2321 1418 quod
2357 1361 2413 1404 ad
2442 1362 2574 1404 inter-

476 1436 748 1492 rogationem
778 1436 981 1478 acerbam
1013 1448 1112 1477 cum
1141 1435 1238 1492 pari
1267 1435 1466 1478 irrisione
1496 1435 1802 1491 respondetur,
1838 1437 1906 1477 hie
1927 1438 2085 1493 potius,
2116 1450 2295 1494 namque
2317 1463 2388 1491 —,
2424 1450 2574 1492 quam-

478 1524 608 1566 quam
639 1510 702 1552 ita
730 1515 1027 1566 comparatum
1058 1509 1299 1552 iudicamus
1329 1515 1379 1553 ut
1398 1510 1469 1552 vel
1499 1510 1593 1552 sine
1625 1509 1827 1566 exemplo
1858 1510 1947 1552 ullo
1978 1510 2157 1553 tolerari
2183 1510 2352 1565 debeat,
2383 1510 2468 1553 nisi
2499 1510 2573 1567 qui

477 1590 631 1640 poetas
651 1589 822 1627 veteres
842 1584 887 1625 in
909 1584 1104 1626 ordinem
1124 1599 1283 1639 cogere
1303 1584 1465 1640 cupiat,
1493 1584 1577 1626 fuit
1607 1583 1716 1626 haec
1747 1589 1792 1626 et
1816 1583 1946 1627 huius
1976 1590 2134 1640 poetae
2156 1591 2199 1626 et
2217 1585 2449 1628 multorum
2469 1599 2573 1627 con-

477 1657 680 1710 suetudo,
711 1658 785 1713 qui
815 1657 1149 1714 interrogationi
1180 1658 1311 1699 etiam
1332 1657 1371 1700 si
1400 1673 1479 1713 per
1499 1672 1545 1699 se
1575 1657 1708 1713 plana
1737 1672 1995 1714 responsum
2015 1674 2106 1700 non
2126 1658 2401 1701 desiderabat
2426 1664 2573 1700 tamen

479 1730 636 1775 addere
656 1747 745 1774 non
766 1731 859 1774 sine
880 1731 924 1773 vi
946 1730 1134 1786 quadam
1155 1730 1366 1774 solebant.
1416 1729 1551 1785 Quod
1581 1746 1718 1787 genus
1750 1746 1850 1774 cum
1870 1748 2010 1788 nuper
2029 1732 2251 1789 tetigimus
2276 1731 2377 1774 dum
2397 1747 2571 1774 versum

479 1804 684 1850 Electrae
715 1811 922 1860 tutamur,
951 1812 1046 1849 tum
1077 1804 1234 1849 similia
1263 1803 1364 1849 vide
1394 1803 1635 1859 Iuvenali83
1667 1805 1713 1848 in
1744 1806 1880 1849 satira
1910 1804 2081 1850 decima
2110 1822 2150 1849 v.
2175 1807 2231 1849 94

833 1883 890 1924 90
960 1881 1082 1924 Visne
1110 1882 1295 1924 salutari
1323 1881 1438 1923 sicut
1469 1879 1674 1935 Seianus,
1705 1881 1867 1924 habere

951 1955 1226 1999 Tantundem
1257 1960 1388 2011 atque
1418 1953 1480 1997 illi
1510 1969 1700 1999 summas
1732 1955 1898 1998 donare
1929 1955 2113 2009 curules,

951 2030 1082 2074 Illum
1113 2030 1374 2075 exercitibus
1404 2045 1689 2087 praeponere,
1721 2036 1842 2073 tutor
1871 2030 2023 2075 haberi

951 2105 1169 2162 Principis
1201 2110 1389 2162 augusta
1420 2103 1687 2161 Caprearum
1719 2104 1765 2147 in
1796 2118 1903 2159 rupe
1935 2102 2127 2147 sedentis

954 2176 1067 2223 Cum
1097 2192 1233 2237 grege
1265 2175 1516 2222 Chaldaeo?
1571 2176 1643 2222 Vis
1672 2184 1798 2222 certe.-
1835 2176 1926 2235 pila
1955 2176 2158 2222 cohortes

835 2254 891 2297 95
951 2251 1171 2310 Egregios
1203 2251 1371 2308 equites
1404 2259 1447 2295 et
1476 2258 1624 2295 castra·
1650 2250 1903 2307 domestica,
1934 2250 2084 2308 quidni

952 2326 1077 2371 Haec
1107 2326 1287 2384 cupias?

479 2404 524 2446 in
556 2401 708 2447 eadem
738 2417 779 2444 ν.
804 2402 889 2445 337
921 2401 976 2444 de
1007 2400 1249 2444 Messalina
1280 2401 1389 2446 Silio
1420 2401 1613 2444 nubente

1290 2474 1456 2519 dudum
1487 2474 1610 2519 sedet
1640 2475 1717 2518 illa
1746 2480 1898 2532 parato

953 2550 1223 2593 Flammeolo
1254 2550 1499 2609 Tyriusque
1530 2549 1675 2608 palam
1708 2549 1891 2608 genialis
1921 2549 1965 2592 in
1995 2547 2131 2591 hortis

807 2626 893 2668 335
955 2624 1191 2679 Sternitur,
1222 2631 1267 2666 et
1297 2625 1384 2667 ritu
1415 2624 1559 2667 decies
1590 2630 1775 2667 centena
1805 2623 2021 2666 dabuntur

952 2700 1165 2756 Anfiquo,
1194 2700 1341 2741 veniet
1370 2713 1468 2741 cum
1500 2699 1795 2756 signatoribus
1827 2712 2003 2754 auspex.

952 2775 1071 2817 Haeo
1103 2782 1149 2816 tu
1178 2782 1333 2817 secreta
1360 2782 1401 2817 et
1422 2776 1579 2831 paucis
1608 2775 1823 2815 commissa
1847 2772 2059 2829 putabas?

955 2849 1056 2890 Non
1085 2850 1172 2890 nisi
1199 2849 1376 2904 leqitime
1405 2849 1499 2890 vult
1525 2848 1688 2890 nabere.

480 2922 583 2966 Hoc
615 2922 730 2965 enim
759 2921 890 2965 modo
922 2921 1033 2965 haec
1063 2920 1412 2979 interpungenda
1440 2921 1690 2964 statuimus:
1729 2934 1814 2975 quo
1844 2919 1959 2977 facto
1991 2934 2115 2962 suam
2145 2918 2318 2974 utrique
2349 2918 2448 2962 loco
2480 2933 2580 2975 per-

477 2996 755 3053 spicuitatem
784 3011 896 3052 quae
926 2995 1068 3038 adhuc
1099 2994 1428 3038 desiderabatur
1457 2993 1760 3049 reddideris*).
1823 2992 2026 3048 Denique
2062 2997 2113 3034 ut
2147 2991 2424 3049 perficiamus
2462 2991 2579 3034 hanc

685 3106 725 3156 ‘)
760 3105 908 3145 Confer
929 3106 966 3153 7,
987 3106 1040 3144 90
1060 3106 1116 3144 Tu
1139 3106 1357 3145 Camerinos
1375 3105 1430 3143 Et
1447 3105 1628 3149 Baream,
1649 3110 1688 3141 tu
1705 3103 1885 3141 nobilium
1902 3113 2043 3152 maqna
2062 3105 2166 3141 atria
2185 3103 2322 3142 curae?
2358 3103 2581 3153 Praefectos

484 3172 651 3224 Pelopea
670 3175 785 3223 facit,
814 3172 1026 3212 Philomela
1054 3173 1233 3212 tribunos.
2244 3226 2271 3273 3
2286 3223 2311 3247 ἱ
