2983 3808
1468 142 1525 189 11

439 274 576 319 timur
605 272 663 318 ad
693 272 870 318 satiram
901 272 1112 331 quintam,
1144 287 1199 317 ex
1229 288 1317 330 qua
1346 279 1517 332 partem
1537 274 1717 319 alteram
1747 275 1854 321 satis
1875 279 2094 330 extentam
2115 277 2404 335 excerpimus,
2433 292 2548 336 quae

441 363 531 392 non
561 362 650 391 uno
680 347 856 392 nomine
887 347 1137 392 criticorum
1169 349 1360 407 superba
1387 348 1566 397 fastidia
1594 365 1729 408 passa
1758 356 1838 395 est.

793 423 852 466 49
915 420 965 466 Si
996 422 1249 466 stomachus
1279 422 1445 467 domini
1473 423 1613 467 fervet
1641 424 1834 482 vinoque
1863 424 2066 483 ciboque,

798 498 856 541 50
915 496 1135 554 Frigidior
1166 490 1337 542 Geticis
1367 498 1533 556 petitur
1561 497 1747 542 decocta
1774 500 1956 557 pruinis.

826 598 882 605 —
915 571 1022 616 Non
1052 571 1206 617 eadem
1236 572 1363 618 vobis
1392 572 1499 631 poni
1529 571 1662 618 modo
1691 573 1796 618 vina
1825 574 2056 631 querebar.

918 645 1012 690 Vos
1043 646 1171 691 aliam
1200 646 1362 705 potatis
1393 662 1566 705 aquam.
1616 647 1717 693 Tibi
1747 648 1906 706 pocula
1936 664 2091 694 cursor

918 719 1133 765 Gaetulus
1164 720 1289 765 dabit
1319 727 1395 766 aut
1423 722 1543 782 nigri
1573 738 1728 767 manus
1759 738 1890 768 ossea
1916 723 2066 768 Mauri

917 794 1003 839 Et·
998 796 1083 839 ·cui
1112 811 1192 854 per
1221 795 1407 840 mediam
1437 797 1553 842 nolis
1584 812 1815 842 occurrere
1845 804 2020 843 noctem

800 871 857 914 55
918 870 1122 914 Clivosae
1152 871 1328 915 veheris
1358 871 1463 915 dum
1493 887 1574 930 per
1601 879 1887 917 monumenta
1914 874 2111 918 Latinae.

917 945 1024 988 Flos
1054 945 1190 989 Asiae
1222 951 1322 990 ante
1351 946 1511 1003 ipsum,
1540 947 1683 1003 pretio
1713 948 1878 991 maiore
1907 954 2087 1006 paratus

919 1018 1066 1075 Quam
1095 1020 1179 1063 fuit
1211 1025 1257 1063 et
1286 1019 1405 1064 Tulli
1435 1035 1593 1066 census
1623 1023 1836 1080 pugnacis
1867 1028 1912 1066 et
1940 1023 2057 1067 Anci

916 1093 980 1136 Et
1009 1109 1065 1137 ne
1095 1099 1141 1137 te
1171 1099 1344 1138 teneam
1374 1094 1670 1139 Romanorum
1700 1097 1846 1141 omnia
1874 1097 2029 1156 reg'um

914 1167 1106 1211 Frivola.
1156 1167 1290 1223 Quod
1320 1183 1419 1213 cum
1449 1170 1510 1213 ita
1539 1170 1612 1224 sit,
1641 1176 1690 1214 tu
1723 1169 1961 1215 Gaetulum
1992 1170 2293 1228 Ganymedem

799 1245 855 1286 60
915 1242 1100 1300 Respice
1132 1258 1230 1286 cum
1262 1245 1403 1287 sities:
1435 1245 1576 1288 nescit
1604 1251 1674 1288 tot
1702 1246 1879 1290 milibus
1911 1252 2083 1303 emptus

917 1317 1190 1375 Pauperibus
1220 1318 1402 1363 miscere
1432 1334 1552 1376 puer.
1614 1318 1706 1364 Sed
1735 1320 1889 1375 forma,
1920 1319 2001 1364 sed
2030 1326 2150 1363 aetas

915 1392 1067 1450 Digna
1096 1392 1349 1449 supercilio:
1381 1392 1558 1449 quando
1589 1393 1646 1437 ad
1675 1399 1720 1437 te
1750 1394 1951 1451 pervenit
1979 1393 2069 1448 ille,

920 1464 1108 1521 Quando
1138 1472 1319 1523 rogatus
1350 1466 1477 1511 adest
1507 1466 1675 1511 calidae
1705 1467 1965 1526 gelidaeque
1994 1467 2219 1511 minister?

918 1539 1094 1599 Quippe
1124 1541 1377 1600 indignatur
1406 1542 1545 1585 veteri
1573 1557 1727 1600 parere
1758 1542 1906 1586 clienti

797 1615 853 1657 65
917 1613 1136 1671 Quodque
1170 1615 1336 1672 aliquid
1364 1631 1524 1673 poscas
1556 1623 1601 1659 et
1631 1616 1750 1674 quod
1780 1632 1827 1660 se
1860 1622 2004 1660 stante
2034 1617 2277 1662 recumbas.

828 1715 882 1722 —
915 1689 1111 1732 Maxima
1141 1704 1330 1748 quaeque
1360 1690 1506 1733 domus
1535 1691 1664 1734 sev-mh
1692 1698 1754 1734 eet
1773 1691 1906 1749 plena
1937 1690 2136 1749 superbis.

915 1763 1023 1808 Ecce
1053 1765 1169 1808 alius
1199 1769 1361 1821 quanto
1392 1765 1588 1822 porrexit
1616 1780 1833 1810 murmure
1861 1779 2020 1824 panem

915 1838 1005 1881 Vix
1034 1839 1235 1894 stactum,
1260 1826 1433 1883 'solidae
1463 1840 1549 1883 iam
1580 1840 1754 1884 mucida
1783 1841 1923 1884 frusta
1951 1841 2131 1895 farinae,

917 1912 1042 1969 Quae
1073 1915 1312 1972 genuinum
1343 1915 1524 1973 agitent,
1555 1930 1645 1958 non
1674 1914 1948 1959 admittentia
1977 1929 2188 1968 morsum3

799 1989 855 2031 70
915 1986 1004 2031 Sed
1034 1994 1159 2031 tener
1189 1995 1234 2031 et
1263 1989 1418 2033 niveus
1448 1989 1657 2046 mollique
1688 1989 1858 2048 siligine
1887 1990 2032 2033 factus
2068 1978 2071 1980 ‚

917 2061 1130 2106 Servatur
1159 2063 1348 2105 domino.
1410 2063 1608 2106 dextram
1641 2063 1847 2106 cohibere
1878 2069 2111 2116 memento,

917 2135 1052 2180 Salva
1081 2137 1140 2179 sit
1170 2142 1369 2195 artoptae
1399 2138 1654 2180 reverentia.
1715 2137 1834 2196 finge
1863 2144 2010 2180 tamen
2039 2142 2083 2180 te

915 2209 1232 2266 Improbulum,
1264 2218 1465 2268 superest
1495 2212 1584 2255 illic
1615 2212 1690 2268 qui
1720 2227 1884 2269 ponere
1915 2218 2065 2270 cogat:

914 2282 1012 2329 ‘Vis
1042 2291 1092 2329 tu
1124 2287 1345 2332 consuetis
1378 2286 1522 2331 audax
1553 2287 1739 2331 conviva
1768 2287 1970 2333 canistris

799 2361 853 2404 75
913 2359 1095 2418 ImPleri
1124 2361 1337 2419 panisque
1367 2362 1433 2406 tui
1462 2362 1641 2406 novisse
1672 2360 1908 2406 colorem?

441 2439 561 2483 Nam
591 2436 711 2495 quod
741 2451 915 2479 versum
948 2436 1001 2478 51
1036 2437 1231 2494 spurium
1268 2437 1483 2493 iudicant,
1521 2453 1651 2495 quem
1679 2437 1863 2481 Iahnius
1899 2437 1945 2480 in
1975 2442 2159 2492 utroque
2190 2434 2388 2491 exemplo
2418 2436 2542 2479 unci-

442 2519 595 2559 natum
626 2512 767 2568 dedit,
804 2526 1065 2569 quamquam
1096 2511 1315 2556 diversum
1344 2528 1485 2571 genus
1517 2519 1586 2557 est
1616 2518 1662 2557 et
1691 2511 1812 2570 quod
1842 2504 1964 2556 suam
1994 2509 2340 2568 disquisitionem
2368 2516 2541 2569 poscat,

441 2595 589 2632 tamen
619 2588 674 2631 ab
697 2601 750 2631 ea
771 2600 904 2630 causa
934 2601 1064 2642 quam
1094 2601 1211 2630 nunc
1236 2587 1407 2644 agimus
1437 2603 1525 2631 non
1554 2589 1685 2645 plane
1715 2588 1934 2631 abhorret.
1979 2586 2136 2642 Neque
2157 2585 2270 2627 enim
2291 2585 2540 2629 inconsulto

441 2668 575 2722 poeta
604 2661 808 2705 admonet
837 2675 983 2704 eorum
1015 2675 1127 2716 quae
1158 2665 1257 2704 ante
1288 2660 1418 2715 dixit3
1457 2677 1558 2706 nam
1590 2667 1774 2720 apparet
1802 2662 1937 2705 altum
1966 2659 2127 2703 omisso
2158 2672 2289 2702 versu
2321 2661 2374 2702 51
2409 2673 2542 2716 quam

442 2737 589 2781 debile
620 2738 680 2781 sit
711 2738 801 2793 (est
830 2735 945 2778 enim
974 2732 1120 2778 ‘aliam
1142 2751 1273 2792 quam
1293 2735 1548 2794 dominus'),
1579 2752 1668 2793 quo
1690 2736 1884 2793 reposito
1905 2750 1984 2778 sua
2003 2734 2068 2776 vis
2098 2734 2345 2790 pronomini
2377 2741 2421 2777 et
2441 2750 2543 2778 sen-

439 2813 606 2855 tentiae
643 2812 859 2854 acerbitas
894 2815 1086 2853 constat:
1123 2806 1357 2865 ‘querebar
1386 2826 1467 2853 vos
1496 2826 1586 2853 non
1621 2810 1737 2853 idem
1767 2811 1914 2852 vinum
1944 2808 2092 2851 bibere
2123 2823 2222 2851 cum
2252 2807 2449 2852 domino:
2486 2826 2543 2853 ne

441 2901 603 2943 aquam
635 2885 810 2943 quidem
842 2882 1025 2928 eandem
1054 2882 1251 2941 potatis.’
1294 2884 1349 2928 In
1378 2885 1589 2943 proximis
1618 2884 1720 2928 iude
1752 2899 1779 2926 a
1807 2899 1848 2926 v.
1875 2883 1930 2926 59
1960 2879 2313 2940 interpungendo
2344 2881 2545 2927 videmur

442 2962 705 3006 sententiam
741 2959 1021 3018 patefecisse,
1062 2974 1192 3016 quam
1227 2960 1490 3019 interpretes
1525 2975 1615 3002 non
1652 2964 1769 3002 recte
1800 2963 2020 3015 ceperunt.
2080 2954 2232 3012 ‘Quod
2263 2972 2364 3001 cum
2392 2958 2457 3001 ita
2487 2958 2546 3002 sit

442 3035 508 3092 (h.
531 3041 571 3079 e.
594 3050 694 3079 cum
715 3035 789 3079 ille
808 3034 939 3078 tantis
970 3034 1123 3090 pretiis
1154 3039 1333 3091 paratus
1355 3035 1449 3092 sit),
1479 3033 1785 3090 tufiaetulum
1811 3033 1944 3075 istum
1976 3033 2126 3089 (quem
2146 3038 2248 3076 ante
2273 3032 2544 3077 horridulum

439 3107 642 3169 depinxit
669 3110 822 3168 poeta)
854 3107 1023 3166 respice
1054 3122 1153 3153 cum
1184 3108 1327 3153 sities:
1365 3109 1505 3167 (nam)
1537 3109 1669 3152 nescit
1699 3114 1758 3152 tot
1784 3106 1953 3151 milibus
1983 3114 2144 3165 emptae
2174 3107 2436 3166 pauperibus
2464 3110 2545 3153 mi-

439 3199 553 3228 scere
575 3184 716 3244 puer?
761 3182 1088 3227 Abundantiam
1120 3184 1330 3228 orationis
1360 3184 1547 3241 quaein
1578 3183 1647 3226 his
1678 3197 1853 3240 quoque
1886 3182 2125 3240 conspicua
2156 3188 2223 3227 est
2252 3182 2435 3228 velimus
2468 3198 2545 3228 eos

2210 3257 2274 3307 2.
