2983 3808
1474 113 1538 161 21

458 248 582 293 dem?
615 248 660 292 in
692 262 778 307 quo
809 249 916 309 quid
945 248 1061 292 valet
1090 255 1311 307 quantum,
1348 247 1715 306 quemadmodum
1748 248 1791 302 3,
1813 248 1900 291 184
1929 248 2036 307 quid
2065 247 2156 301 dae,
2193 254 2243 290 ut
2274 246 2447 290 Cossum
2477 246 2561 289 ali-

456 324 630 382 quando
661 324 846 367 salutes?
875 330 920 367 et
950 338 1158 381 praesens
1184 323 1411 367 indicativi
1430 322 1553 366 verbi
1582 323 1631 365 in
1648 322 1959 381 interrogando
1991 322 2182 380 positum
2215 323 2290 379 (ex
2311 327 2463 364 nostro
2494 321 2560 363 lo-

456 397 619 454 quendi
654 413 797 452 more,
833 399 990 442 wieviel
1023 400 1103 442 coll
1136 399 1205 442 ich
1237 399 1402 451 zahlen,
1431 397 1512 455 {vel
1541 397 1868 440 coniunctivum
1898 398 1971 440 vel
2005 398 2198 440 fiiturum
2234 395 2557 453 expectaveris)

457 486 552 515 eam
588 471 676 515 vim
713 472 1011 528 rationemque
1047 471 1201 526 habet,
1235 485 1366 528 quam
1395 470 1649 529 Madvigius
1685 471 1808 528 (opp.
1833 472 1876 525 2,
1898 473 1977 527 41)
2015 470 2224 527 explicuit
2258 469 2558 527 exemplisque

455 545 658 602 firmavit,
688 546 735 589 in
766 545 924 604 quibus
944 545 1167 590 Iuvenalis
1196 561 1299 601 uno,
1330 546 1374 601 3,
1394 546 1480 589 296
1501 545 1605 600 Ede,
1636 545 1710 588 ubi
1737 546 1960 589 consistas.-
1988 547 2037 588 ἐπ
2064 561 2151 603 qua
2184 553 2221 588 te
2249 559 2406 603 quaero
2430 558 2558 601 proe-

455 620 613 664 euclta?
649 619 769 678 quod
799 627 916 663 recte
947 636 1029 664 nec
1057 636 1148 664 uno
1175 621 1350 663 nomine
1380 620 1623 678 comparari
1652 625 1802 677 potest
1832 634 1933 663 cum
1962 625 2127 663 nostro.

659 695 713 738 In
743 695 877 738 satira
907 694 1100 738 secunda
1137 694 1239 737 inde
1270 709 1298 737 a
1326 709 1457 738 versu
1487 695 1544 737 36
1574 693 1796 737 Iuvenalis
1825 694 2065 737 Laroniam
2097 709 2193 737 cum
2226 692 2434 737 Stoicidis
2463 690 2556 749 ‘qui

457 768 614 813 Curios
645 770 852 813 simulant
882 777 927 812 et
955 769 1250 812 Bacchanalia
1279 767 1447 812 vivunt'
1475 769 1823 826 expostulantem
1855 769 1985 811 facit.¹

812 845 868 888 36
929 844 1033 888 Non
1064 844 1166 887 tulit
1196 858 1251 887 ex
1280 843 1366 887 illis
1397 849 1570 887 torvum
1599 842 1794 886 Laronia
1823 841 2041 899 quendam

926 917 1198 962 Clamantem
1227 918 1387 962 totiens
1415 914 1508 961 ‘ubi
1537 932 1653 961 nune
1684 918 1755 960 lex
1784 917 1924 961 Iulia?
1954 916 2165 960 dormis?’

928 994 1077 1049 Atque
1107 993 1171 1036 ita
1201 991 1431 1037 subridens
1460 989 1618 1036 ‘felicia
1646 993 1845 1049 tempora
1874 1007 1985 1049 quae
2016 997 2060 1034 te

924 1068 1127 1110 Moribus
1158 1072 1398 1124 opponunt.
1447 1066 1608 1110 habeat
1637 1067 1723 1109 iam
1753 1066 1896 1110 Roma
1925 1065 2150 1123 pudorem.

805 1143 864 1185 40
922 1142 1097 1184 Tertius
1130 1156 1154 1183 e
1185 1142 1308 1184 caelo
1339 1139 1499 1183 cecidit
1529 1139 1656 1183 Cato.
1705 1140 1784 1183 sed
1815 1147 1961 1183 tamen
1990 1140 2107 1183 unde

924 1216 1052 1260 Haec
1082 1216 1190 1259 emis
1220 1215 1386 1260 hirsuto
1416 1215 1586 1272 spirant
1615 1215 1898 1273 opobalsama
1927 1215 2042 1259 collo

926 1289 1052 1345 Quae
1082 1288 1189 1333 tibi?
1226 1305 1282 1333 ne
1311 1289 1475 1347 pudeat
1505 1289 1729 1333 dominum
1760 1295 2002 1333 monstrare
2033 1290 2253 1333 tabernae.

926 1363 1058 1418 Quod
1089 1364 1127 1407 si
1157 1369 1372 1408 vexantur
1399 1364 1537 1422 leges,
1566 1372 1615 1407 at
1642 1366 1735 1408 iure
1764 1365 1894 1407 citari

922 1439 1039 1482 Ante
1071 1454 1224 1482 omnes
1255 1438 1387 1482 debet
1416 1438 1655 1484 Scantinia.
1703 1438 1874 1496 respice
1904 1438 2092 1496 primum

803 1514 860 1557 45
919 1513 983 1557 Et
1013 1519 1206 1557 scrutare
1237 1514 1369 1557 viros.
1416 1513 1582 1557 faciunt
1609 1514 1656 1557 hi
1686 1514 1826 1572 plura,
1857 1512 1936 1556 sed
1966 1512 2064 1557 illos

922 1588 1134 1632 Defendit
1163 1603 1371 1632 numerus
1401 1588 1662 1645 iunctaeque
1692 1588 1882 1633 umbone
1910 1587 2173 1647 phalanges:

920 1663 1089 1719 Magna
1116 1663 1231 1706 inter
1260 1662 1412 1707 molles
1444 1662 1693 1707 concordia.

446 1737 592 1781 Multa
622 1742 725 1781 sunt
754 1737 799 1779 in
830 1736 899 1779 his
930 1736 1128 1780 versibus
1159 1750 1273 1792 quae
1303 1750 1403 1779 cum
1434 1737 1581 1779 stilum
1610 1736 1831 1780 Iuvenalis
1861 1739 2084 1793 proprium
2119 1737 2352 1780 exhibeant
2381 1737 2436 1779 ad
2468 1737 2544 1780 de·

446 1811 668 1855 fendenda
698 1810 855 1854 similia
885 1810 1136 1852 criticorum
1171 1809 1347 1853 fastidio
1379 1815 1536 1853 vexata
1571 1815 1825 1865 convertas,
1865 1810 1942 1854 sed
1979 1826 2060 1854 nos
2092 1810 2147 1853 de
2177 1826 2266 1854 uno
2298 1826 2424 1853 versu
2454 1810 2544 1853 dis-

446 1887 631 1931 serimus
663 1884 998 1943 quadragesimo
1029 1885 1177 1927 tertio:
1217 1900 1346 1942 quem
1376 1884 1558 1928 Iahnius
1597 1885 1659 1927 ita
1695 1891 1745 1928 ut
1781 1901 1914 1943 supra
1952 1885 2203 1943 scripsimus
2239 1885 2293 1928 de
2329 1901 2408 1928 sua
2438 1900 2543 1928 con-

444 1962 612 2011 iectura
647 1960 784 2002 edidit
822 1961 868 2001 in
897 1965 1082 2015 utroque
1112 1958 1232 2015 quod
1267 1959 1438 2016 paravit
1466 1958 1687 2013 Iuvenalis
1720 1961 1942 2018 exemplo,
1979 1959 2247 2016 eandemque
2284 1960 2542 2016 scripturam

444 2035 732 2096 Rffibeqkius,
763 2034 1029 2078 Weidnerus
1066 2034 1157 2075 suis
1188 2033 1452 2077 editionibus
1491 2034 1609 2076 haud
1641 2041 1900 2077 cunctanter
1934 2041 2246 2092 propagarunt.
2306 2036 2350 2077 A
2381 2035 2539 2090 quibus

442 2111 506 2152 ita
535 2109 833 2161 dissentimus,
873 2115 922 2150 ut
953 2108 992 2150 si
1022 2108 1132 2150 haec
1164 2108 1325 2164 scripta
1356 2114 1506 2151 essent
1535 2109 1580 2150 in
1612 2109 1753 2162 libris,
1791 2125 1846 2152 ne
1878 2110 1942 2153 sic
1972 2109 2146 2166 quidem
2177 2115 2332 2165 poetae
2363 2107 2540 2151 obtrudi

442 2184 575 2227 licere
605 2183 874 2241 largiremur.
921 2181 1097 2225 Etenim
1127 2182 1314 2239 primum
1344 2190 1395 2224 at
1420 2183 1660 2239 particulae
1691 2182 1992 2227 adversativae
2023 2185 2067 2227 in
2100 2200 2151 2227 ea
2180 2183 2395 2226 sententia
2425 2198 2539 2238 quae

443 2259 551 2302 nihil
588 2258 722 2302 habet
756 2255 1019 2300 adversativi
1055 2257 1178 2301 locus
1217 2272 1306 2300 non
1345 2263 1432 2301 est:
1474 2264 1593 2301 recte
1623 2257 1808 2302 Plautus
1839 2258 1893 2303 Si
1918 2275 1981 2303 me
2012 2260 2190 2312 derides,
2226 2266 2275 2301 at
2303 2259 2382 2315 pol
2415 2258 2539 2301 illum

441 2350 527 2378 non
556 2342 693 2391 poten
730 2347 848 2375 nunc
880 2331 1064 2389 simplex
1094 2347 1148 2375 ex
1177 2332 1418 2389 praemissa
1448 2330 1705 2384 condicione
1735 2333 1786 2376 fit
1816 2333 2039 2378 conclusio
2075 2333 2193 2377 nulla
2224 2333 2265 2376 vi
2296 2332 2539 2390 oppositio-

442 2410 531 2453 nis:
568 2407 624 2452 ‘si
659 2409 781 2466 leges
813 2408 1022 2461 citantur,
1062 2408 1203 2463 prima
1238 2407 1311 2450 lex
1342 2406 1568 2451 Scantinia
1599 2408 1733 2452 debet
1765 2408 1926 2462 citari3'
1962 2417 2011 2452 ut
2041 2409 2217 2451 Electra
2253 2407 2539 2451 ratiocinatur

440 2483 479 2528 εἰ
509 2485 702 2540 κτενοῦμεν
738 2477 858 2527 ἄλλον
893 2479 976 2525 ἄντ’
1004 2476 1148 2532 ἄλλου,
1188 2481 1238 2525 σύ
1270 2499 1330 2526 τοι
1366 2481 1512 2539 Πρώτη
1553 2482 1683 2536 θάνοις
1722 2477 1778 2527 ἅν.
1837 2484 1976 2528 Porro
2013 2470 2104 2527 iu're
2145 2481 2436 2536 abundanter,
2478 2497 2536 2526 ne

441 2558 636 2602 dicamus
666 2572 822 2615 prave,
858 2572 956 2600 cum
988 2556 1105 2599 debet
1133 2556 1269 2600 verbo
1299 2557 1344 2600 in
1375 2572 1463 2600 una
1493 2558 1687 2602 oratione
1718 2559 1925 2617 iungitur,
1962 2573 2142 2614 quorum
2174 2557 2357 2600 alterum
2388 2563 2537 2600 utrum

439 2634 545 2691 poni
575 2633 682 2676 satis
713 2637 825 2675 erat:
854 2629 909 2674 ‘si
939 2631 1062 2689 leges
1093 2638 1320 2686 vexantur,
1356 2632 1448 2675 iure
1479 2631 1707 2676 Scantinia
1737 2633 1808 2676 lex
1840 2639 1939 2676 ante
1971 2648 2119 2675 omnes
2151 2630 2343 2683 citatur3’
2375 2638 2452 2675 aut
2481 2630 2538 2676 ‘si

439 2710 562 2765 leges
589 2714 818 2761 vexantur,
849 2713 950 2749 ante
981 2720 1133 2748 omnes
1155 2705 1383 2750 Scantinia
1411 2707 1483 2750 lex
1515 2707 1641 2750 citari
1672 2706 1839 2761 debet’3
1869 2715 2099 2763 utrumque
2130 2706 2413 2749 coniunctum
2443 2723 2537 2750 mo-

438 2783 549 2826 leste
580 2781 840 2825 sententiam
870 2786 1034 2823 onerat.
1085 2779 1382 2835 Quamobrem
1412 2781 1681 2825 redeundum
1702 2796 1798 2825 esse
1820 2795 2045 2825 censemus
2075 2779 2132 2822 ad
2157 2796 2253 2823 eam
2274 2781 2537 2838 scripturam

440 2871 553 2913 quae
585 2856 688 2898 olim
708 2855 973 2913 vulgabatur
1003 2860 1048 2898 et
1077 2869 1189 2911 quae
1218 2856 1348 2899 unica
1379 2863 1446 2899 est
1475 2856 1520 2898 in
1544 2857 1716 2913 scriptis
1746 2856 1868 2899 libris
1895 2854 2017 2908 Quod
2045 2856 2084 2896 ιη’
2111 2862 2317 2912 vexantur
2349 2856 2454 2912 loyes
2484 2872 2537 2899 ac

436 2932 552 2984 iura,
582 2931 711 2974 citari
728 2930 842 2973 Ante
871 2944 1009 2973 omnes
1029 2929 1148 2973 debet
1165 2929 1388 2973 Scantinia
1395 2947 1410 2982 ,-
1439 2930 1485 2973 in
1506 2946 1593 2986 qua
1618 2945 1698 2973 nos
1719 2931 1937 2973 nescimus
1957 2928 2065 2985 quid
2094 2943 2182 2971 non
2212 2929 2351 2988 probe
2372 2931 2537 2974 elatum

441 3005 510 3048 sit.
564 3004 680 3048 Nam
713 3004 816 3062 loyes
845 3020 898 3047 ac
926 3005 1027 3046 iura
1059 3010 1103 3047 et
1133 3019 1250 3048 nunc
1281 3010 1383 3062 apte
1415 3009 1734 3062 componuntur
1763 3010 1808 3047 et
1838 3003 1995 3046 iterum
2025 3002 2175 3046 iuncta
2204 3003 2251 3046 in
2282 3003 2434 3049 eadem
2466 3019 2537 3049 sa-

435 3079 524 3123 tira
557 3080 761 3137 leguntur
791 3094 921 3122 versu
952 3080 1009 3122 72
1047 3087 1084 3122 te
1119 3079 1225 3136 leqee
1260 3095 1313 3122 ac
1348 3080 1445 3122 iura
1472 3077 1689 3133 serentem.
1751 3078 1907 3134 Neque
1942 3079 2039 3121 iura
2079 3077 2277 3122 additum
2315 3079 2537 3137 prohibet,

437 3154 670 3210 quominus
701 3168 839 3198 omnes
868 3153 1167 3211 intelligantur
1196 3154 1318 3211 leym,-
1348 3158 1464 3197 certe
1500 3153 1568 3207 10,
1590 3153 1674 3195 295
