2983 3808
1440 114 1503 163 10

744 250 832 293 485
891 249 1071 292 Intonet
1101 234 1386 291 horrendum⁰
1396 248 1483 291 iam
1514 247 1764 305 cognitione
1794 251 1985 304 peracta.

890 321 1174 377 Praefectura
1204 323 1353 366 domus
1385 321 1534 366 Sicula
1564 336 1647 366 non
1676 323 1820 365 mitior
1847 321 1965 364 aula.

894 397 1013 442 Nam
1043 397 1082 440 si
1112 396 1340 440 constituit
1370 397 1588 453 solitoque
1620 396 1847 440 decentius
1878 400 2002 454 optat

745 472 832 516 488
895 469 1058 516 Ornari
1090 497 1144 505 —

744 547 832 590 492
899 578 910 589 .
945 578 956 589 .
990 578 1000 588 .
1034 578 1044 588 .
1650 551 1803 588 taurea
1832 543 1960 602 punit

895 619 1116 665 Continuo
1147 620 1250 664 flexi
1280 621 1443 664 crimen
1472 622 1731 678 facinusque
1762 619 1920 677 capilli.

419 695 599 740 Etenim
621 695 792 752 singula
812 701 946 753 poeta
966 695 1138 753 colligit
1158 696 1374 740 sententia
1393 696 1598 743 universa
1618 696 1765 753 (486),
1796 694 1919 739 cuius
1946 693 2201 751 probandae
2224 708 2358 738 causa
2376 709 2531 739 rursus

421 769 616 815 eiusdem
648 768 921 815 crudelitatis
953 776 1209 829 argumenta
1236 769 1493 814 afferuntur:
1532 770 1619 814 hoc
1648 770 1741 814 fere
1772 768 1830 814 ad
1861 784 1959 813 eum
1989 768 2167 813 modum
2198 783 2286 826 quo
2317 767 2363 812 in
2393 769 2529 813 satira
2552 827 2555 831 ι

419 844 563 903 prima
591 850 922 903 argumentatur
941 844 1043 889 inde
1076 861 1103 888 a
1124 861 1165 887 v.
1190 845 1247 888 22
1279 860 1378 888 cum
1408 845 1473 888 ita
1501 845 1656 903 incipit
1680 843 1788 889 Cum
1820 852 1933 888 tener
1951 859 2121 888 uxorem
2148 844 2279 888 ducat
2306 845 2438 902 spado
2455 877 2466 887 .
2486 877 2496 887 .
2515 877 2529 887 .

418 917 607 974 Difficile
637 927 699 962 eet
725 921 906 963 satiram
935 935 1019 963 non
1049 920 1226 962 scribere
1247 919 1363 976 (30),
1393 926 1487 962 tum
1518 935 1601 977 per
1621 919 1962 963 confirmativam
1993 919 2253 976 particulam
2284 919 2405 976 (uam
2430 920 2528 976 quie

417 994 594 1052 iniquae
611 995 735 1051 cett.)
766 1008 925 1038 novam
945 994 1101 1037 seriem
1134 993 1336 1037 similium
1369 993 1597 1036 criminum
1620 994 1862 1046 connectit3
1894 1007 2037 1051 neque
2063 992 2236 1037 diverso
2267 993 2449 1037 consilio
2479 993 2527 1036 in

420 1068 558 1112 satira
588 1073 714 1112 sexta
742 1083 915 1111 versum
945 1069 1034 1111 444
1064 1068 1340 1110 interiectum
1373 1082 1470 1110 esse
1500 1066 1628 1110 facile
1660 1068 1736 1123 qui
1767 1067 2004 1111 attenderit
2031 1067 2280 1125 persentiet.

622 1141 716 1187 Sat.
733 1154 834 1197 vm,
860 1143 946 1186 140

743 1216 828 1260 135
891 1214 1379 1274 Quodsipraecipitem
1410 1214 1524 1273 rapit
1554 1215 1732 1259 ambitio
1764 1220 1896 1272 atque
1926 1213 2080 1269 libido,

891 1289 943 1335 Si
972 1290 1139 1349 frangis
1171 1290 1318 1348 virgas
1349 1290 1568 1334 sociorum
1598 1290 1644 1333 in
1677 1289 1903 1348 sanguine,
1937 1289 1974 1333 si
2005 1295 2050 1333 te

889 1364 1130 1408 Delectant
1160 1365 1342 1410 hebetes
1372 1365 1491 1409 lasso
1522 1365 1672 1409 lictore
1705 1379 1897 1418 secures,
1972 1379 1974 1381 ·

888 1438 1052 1496 Incipit
1080 1440 1276 1496 ipsorum
1308 1445 1463 1483 contra
1494 1444 1537 1483 te
1568 1445 1684 1483 stare
1715 1443 1946 1495 parentum

889 1512 1112 1558 Nobilitas
1144 1513 1390 1569 claramque
1422 1513 1563 1557 facem
1592 1513 1811 1570 praeferre
1841 1510 2072 1569 pudendis.

654 1615 709 1622 —
746 1590 833 1632 140
897 1587 1028 1632 Omne
1057 1589 1196 1632 animi
1223 1588 1373 1631 vitium
1405 1595 1519 1631 tanto
1550 1588 1809 1646 conspectius
1838 1588 1885 1629 in
1914 1602 1956 1630 ee

796 1688 855 1696 —
892 1662 1057 1706 Cm'men
1088 1662 1221 1716 habet,
1252 1670 1411 1721 quanto
1442 1664 1580 1706 maior
1609 1664 1687 1721 qui
1713 1669 1858 1720 peccat
1886 1661 2072 1704 habetur.

891 1734 994 1792 Quo
1024 1736 1131 1779 mihi
1160 1742 1220 1791 te,
1253 1737 1429 1780 solitum
1460 1736 1595 1781 falsas
1627 1737 1801 1795 signare
1831 1735 2016 1779 tabellas

886 1812 941 1854 In
970 1812 1145 1869 templis
1177 1827 1290 1869 quae
1322 1812 1428 1854 fecit
1458 1827 1566 1855 avus
1599 1818 1873 1868 statuamque
1903 1811 2095 1868 parentis

887 1886 1008 1930 Ante
1037 1885 1371 1943 triumphalem?
1413 1902 1516 1942 quo,
1547 1887 1584 1929 si
1615 1892 1856 1929 nocturnus
1888 1884 2057 1928 adulter

740 1961 824 2004 145
884 1961 1104 2017 Tempora
1136 1960 1378 2005 Santonico
1409 1961 1532 2004 velas
1563 1959 1823 2017 adoperta‘)
1855 1958 2058 2005 cuc'ullo?

411 2035 685 2080 Ribbeckius
716 2043 870 2079 versus
904 2036 990 2079 140
1017 2050 1084 2090 sq.
1117 2040 1338 2092 tamquam
1369 2035 1499 2078 inane
1530 2040 1814 2092 praeceptum
1846 2034 1986 2088 delet,
2026 2032 2106 2078 sed
2141 2039 2275 2090 poeta
2305 2034 2412 2092 quid
2443 2052 2522 2080 vo-

410 2109 541 2153 luerit
572 2110 774 2167 aperiunt
802 2108 938 2153 verba
971 2108 1100 2152 Omne
1128 2110 1268 2152 animi
1294 2110 1456 2152 vitium.
1519 2107 1698 2152 Etenim
1730 2108 1941 2166 expositis
1972 2107 2226 2152 criminibus
2262 2108 2308 2152 in
2339 2108 2520 2153 admini-

413 2183 591 2228 stranda
619 2183 848 2242 provincia
878 2198 990 2241 quae
1018 2182 1115 2227 fieri
1145 2183 1303 2239 solent,
1334 2199 1414 2241 per
1443 2183 1563 2227 illam
1594 2183 1856 2228 sententiam
1888 2182 2115 2240 superiora
2145 2183 2442 2241 complectens
2474 2190 2521 2228 et

413 2258 676 2303 confirmans
706 2257 865 2302 transit
894 2257 950 2302 ad
973 2257 1079 2302 vitia
1110 2259 1194 2302 alia
1225 2264 1269 2302 et
1299 2273 1412 2317 quae
1442 2257 1695 2317 praesidum
1724 2257 2046 2316 provinciarum
2076 2258 2254 2317 propria
2283 2273 2372 2302 non
2402 2264 2521 2314 sunt,

409 2335 455 2378 in
487 2349 598 2392 quae
626 2340 774 2378 tamen
804 2334 951 2378 omnia
979 2334 1100 2378 cadit
1128 2334 1258 2389 idem,
1289 2334 1409 2391 quod
1439 2349 1656 2378 summum
1688 2340 1796 2389 erat,
1825 2333 2069 2392 insigniora
2088 2349 2185 2378 esse
2206 2334 2326 2389 vitia,
2358 2335 2519 2392 quibus

409 2425 456 2454 se
476 2409 608 2455 homo
628 2409 789 2454 nobilis
810 2409 1109 2454 commaculet.
1157 2408 1326 2454 Nocuit
1346 2409 1496 2468 igitur,
1527 2425 1616 2453 non
1645 2409 1824 2466 profuit,
1855 2408 2081 2466 aptissimo
2103 2408 2347 2454 disserendi
2367 2409 2517 2466 modo,

409 2484 486 2542 qui
515 2483 598 2529 hos
619 2499 773 2529 versus
793 2483 966 2528 exemit.
1016 2482 1298 2542 Similemque
1320 2490 1579 2544 argumenta
1598 2482 1803 2528 nectendi
1829 2483 2043 2528 rationem
2073 2482 2239 2529 habent
2258 2499 2415 2530 versus
2447 2501 2517 2530 sa-

406 2560 515 2603 tirae
536 2559 733 2604 decimae
755 2566 937 2617 quartae
957 2560 1044 2604 233
1062 2575 1128 2617 sq.
1151 2575 1262 2616 quos
1283 2565 1430 2603 tamen
1450 2574 1569 2603 nunc
1599 2560 1799 2617 pluribus
1828 2559 2061 2616 explanare
2088 2560 2305 2603 nolumus.
2351 2559 2519 2604 Rever-

611 2680 653 2732 ')
689 2680 812 2732 Quod
840 2681 997 2729 scribit,
1032 2687 1076 2719 ut
1103 2681 1179 2719 hoc
1212 2681 1252 2719 in
1282 2681 1538 2720 adnotatione
1574 2680 1786 2728 addamus,
1821 2687 1990 2731 tempora
2016 2681 2121 2720 velas
2150 2681 2336 2732 adoperta
2364 2681 2517 2721 cucullo

407 2750 541 2800 (145),
570 2749 737 2788 eandem
767 2749 1049 2787 abundantiam
1079 2749 1197 2786 habet
1226 2749 1264 2795 7,
1285 2749 1338 2787 84
1367 2754 1475 2787 tanta
1503 2749 1700 2786 dulcedine
1727 2755 1857 2799 capto&
1885 2748 2027 2799 Adficit
2053 2750 2121 2787 ille
2147 2751 2308 2796 animos,
2338 2754 2379 2787 et
2406 2751 2513 2800 quod

406 2817 594 2855 Tibullus
624 2817 683 2866 (1,
705 2817 744 2863 6,
766 2816 836 2865 67)
866 2817 963 2854 dicit
991 2819 1164 2865 quamvis
1192 2829 1267 2854 non
1294 2819 1391 2854 vitta
1420 2818 1560 2865 liqatoo
1578 2817 1760 2864 impediat
1777 2819 1911 2861 crinea,
1942 2823 2013 2853 aut
2032 2815 2204 2854 Ovidius
2234 2816 2391 2864 (Amor.
2412 2818 2451 2861 3,
2472 2817 2513 2864 6,

407 2883 479 2934 56)
509 2885 604 2923 vitta
630 2897 696 2923 nec
724 2886 891 2923 evinctas
919 2883 1075 2933 impedit
1102 2883 1193 2922 alba
1223 2896 1360 2930 comas,
1395 2882 1598 2933 multaque
1627 2881 1838 2922 multorum
1868 2882 2028 2922 similia.
2088 2881 2182 2933 Quo
2211 2882 2338 2934 magis
2368 2895 2514 2923 versus

405 2949 624 2992 Catulliani
652 2951 859 3001 integritas
888 2950 1060 2991 stabiliri
1081 2950 1245 2998 videtur,
1274 2951 1315 2991 in
1335 2964 1453 3001 quem
1483 2949 1773 2990 emendandum
1803 2951 1929 2990 multa
1956 2950 2110 2990 inutilis
2131 2963 2255 3001 opera
2273 2957 2511 3002 consumpta

405 3028 483 3060 est:
520 3019 607 3069 (64,
629 3019 701 3069 64)
731 3020 822 3058 Non
856 3026 1018 3059 contecta
1055 3020 1130 3058 levi
1161 3020 1324 3059 velatum
1356 3026 1487 3070 pectus
1522 3021 1661 3058 amictu
1669 3033 1686 3065 ,·
1722 3032 1809 3058 cum
1846 3019 1951 3059 enim
1988 3025 2152 3059 contecta
2186 3019 2350 3058 velatum
2378 3026 2514 3069 pectus

403 3089 546 3127 amictu
573 3087 765 3126 concinne
793 3086 948 3126 dicatur
975 3086 1024 3126 ad
1045 3087 1162 3125 istam
1191 3087 1398 3134 rationem,
1428 3086 1759 3137 quemadmodum
1788 3087 1951 3126 incultas
1972 3087 2151 3137 dispersa
2179 3098 2303 3126 comas
2324 3084 2512 3127 Claudia·

400 3167 480 3195 nus
511 3155 580 3206 (de
608 3161 711 3207 rapt.
737 3156 772 3204 1,
799 3155 884 3206 55),
919 3155 996 3195 hoc
1024 3161 1152 3195 totum
1180 3155 1290 3206 quod
1318 3168 1441 3195 unum
1470 3160 1533 3194 est
1560 3155 1719 3207 negatio
1748 3155 2034 3206 complectitur.
