2983 3808
1519 151 1581 198 14

848 284 904 327 37
1717 299 1823 342 ergo
1855 283 2044 327 cavebis¹

966 357 1028 401 Et
1059 365 1229 401 metues
1261 374 1316 401 ne
1347 364 1399 401 tu
1429 358 1491 401 sic
1522 356 1724 401 Creticus
1756 364 1834 401 aut
1863 357 2136 401 Camerinus.

849 465 906 508 68
967 465 1091 523 Ergo
1122 472 1174 509 ut
1203 466 1408 510 miremur
1437 471 1498 521 te,
1528 480 1618 511 non
1648 471 1741 522 tua,
1769 465 1943 525 privum
1973 464 2138 532 aliquid
2168 464 2241 520 da,

969 539 1104 596 Quod
1133 541 1301 599 possim
1330 540 1469 585 titulis
1500 540 1693 586 incidere
1723 547 1897 600 praeter
1921 540 2128 610 honores?

970 613 1096 669 Quos
1126 614 1213 658 illis
1244 614 1400 659 damus
1430 630 1483 658 ac
1514 615 1714 659 dedimus
1746 615 1905 673 quibus
1936 614 2082 657 omnia
2110 614 2261 658 debes.

819 722 906 767 209
967 721 1091 780 Ergo
1121 723 1408 781 ignominiam
1439 723 1685 782 graviorem
1715 722 1896 782 pertulit
1926 721 2045 766 omni

967 796 1162 842 Vulnere
1194 812 1295 842 cum
1327 795 1534 842 Graccho
1564 798 1710 842 iussus
1740 812 1940 856 pugnare
1972 801 2163 852 secutor,

490 870 602 914 adde
645 871 717 925 12,
752 872 835 914 126
871 872 988 930 Erqo
1025 873 1140 916 vides
1175 887 1307 931 quam
1347 870 1523 917 Grande
1557 886 1707 931 operae
1741 873 1932 930 pretium
1962 871 2114 926 faciat
2151 872 2350 929 iuqulata
2385 871 2600 930 Mycenis,-

494 947 565 1001 11,
588 946 642 989 21
676 944 822 1002 Refert
850 961 946 1006 erqo
976 946 1073 1006 quis
1104 945 1203 991 haec
1222 946 1368 991 eadem
1390 954 1530 1005 paret,
1562 945 1672 992 haec
1694 945 1828 1006 igitur
1848 946 1925 1004 qui
1955 946 2239 1005 reputaverit,
2270 946 2442 992 cavebit
2471 945 2599 991 nimi·

489 1034 607 1076 rum,
643 1035 699 1064 ne
730 1020 888 1065 similia
918 1019 1133 1064 demendo
1165 1034 1244 1065 sua
1279 1019 1444 1064 adimat
1478 1026 1638 1079 poetae
1674 1020 1720 1065 in
1755 1020 1926 1080 magnis
1961 1020 2229 1079 minutisque
2260 1020 2437 1066 eosdem
2468 1035 2600 1079 saepe

491 1096 638 1138 sulcos
669 1095 861 1138 ducenti.
923 1096 979 1138 Id
1009 1095 1130 1152 quod
1161 1094 1371 1139 accidisse
1403 1096 1701 1140 existimamus
1732 1095 2011 1139 conclusione
2043 1094 2237 1139 extincta

694 1177 738 1213 et
771 1169 864 1214 Sat.
887 1181 957 1224 111,
981 1172 1066 1214 104
1512 1184 1513 1187 ’

1473 1244 1606 1299 rides,
1636 1245 1799 1288 maiore
1830 1244 2044 1287 cachinno

819 1320 900 1361 101
964 1318 1249 1371 Concutitur3
1288 1319 1380 1374 flet,
1410 1319 1449 1361 si
1479 1319 1681 1362 lacrimas
1712 1318 1945 1376 conspexit
1976 1318 2119 1372 amici,

964 1393 1064 1435 Nec
1095 1393 1234 1445 dolet3
1266 1393 1504 1451 igniculum
1535 1393 1715 1436 brumae
1746 1393 1784 1436 si
1814 1398 2011 1451 tempore
2042 1405 2218 1449 poscas,

964 1468 1141 1524 Accipit
1172 1467 1491 1519 endromidem3
1529 1469 1568 1510 si
1598 1467 1762 1510 dixeris
1791 1464 1994 1520 ‘aestuo',
2032 1466 2175 1509 sudat.

877 1568 932 1575 —
965 1541 1069 1584 Non
1099 1557 1245 1585 smnus
1276 1557 1372 1599 erqo
1396 1557 1548 1598 paru,-
1584 1543 1731 1584 melior
1758 1543 1836 1598 qui
1864 1555 2023 1597 emper
2051 1548 2092 1583 et
2119 1542 2236 1582 omni

817 1614 903 1657 105
965 1614 1113 1658 Nocte
1144 1615 1302 1672 dieque
1333 1620 1482 1673 potest
1511 1615 1654 1659 aliena
1684 1618 1858 1659 sumere
1887 1614 2057 1657 vultum

964 1691 1008 1732 A
1038 1690 1163 1743 facie,
1198 1688 1359 1734 iactare
1390 1706 1561 1743 manus,
1590 1689 1771 1733 laudare
1801 1695 1998 1745 paratus,

969 1762 1019 1809 Si
1050 1765 1161 1809 bene
1192 1767 1397 1820 ructavit,
1429 1767 1468 1809 si
1498 1772 1668 1809 rectum
1699 1766 1855 1808 minxit
1884 1766 2063 1807 amicus.

490 1838 608 1885 Nam
640 1844 824 1899 apparet
859 1844 1035 1898 poetam
1067 1838 1270 1884 claudere
1301 1839 1516 1885 rationem
1553 1847 1602 1885 ut
1631 1840 1677 1884 in
1710 1846 1868 1897 coepta
1897 1839 2080 1884 materia
2114 1844 2273 1897 pergat
2311 1839 2600 1897 gravioraque

491 1931 546 1960 ex
568 1914 722 1960 eodem
753 1930 915 1974 genere
947 1913 1100 1960 afferat
1130 1915 1274 1972 (velut
1295 1917 1338 1971 6,
1359 1916 1464 1971 486,
1495 1914 1550 1960 de
1573 1930 1662 1972 quo
1694 1931 1828 1973 supra
1858 1932 1902 1973 p.
1923 1916 1994 1969 10,
2026 1920 2070 1959 et
2093 1916 2165 1969 11,
2187 1915 2286 1972 21);
2318 1913 2365 1959 id
2396 1915 2517 1972 quod
2547 1930 2600 1959 eo

490 1991 641 2036 utilius
678 1990 846 2035 institui
877 1990 1071 2046 videtur,
1112 1991 1218 2048 quia
1253 1990 1329 2035 illa
1364 2006 1536 2036 summa
1567 1996 1636 2035 est
1674 1991 1910 2045 sententia,
1954 1984 2085 2047 quam
2117 1988 2488 2047 comprobandam
2518 1990 2600 2034 sibi

492 2065 680 2122 sumpsit
708 2064 810 2108 inde
841 2080 867 2108 a
898 2080 1029 2109 versu
1053 2066 1112 2109 60
1141 2080 1228 2109 non
1250 2080 1426 2124 possum
1446 2064 1564 2120 ferre
1589 2063 1800 2110 Graecam
1828 2064 1984 2108 urbem.
2031 2063 2190 2121 Itaque
2220 2069 2271 2107 ut
2301 2069 2402 2107 ante
2435 2065 2496 2121 (v.
2519 2065 2598 2122 92)

491 2140 645 2186 scribit
674 2140 774 2184 haec
803 2140 948 2184 eadem
980 2140 1073 2184 licet
1100 2148 1143 2183 et
1170 2140 1287 2184 nobis
1320 2141 1500 2184 laudare
1530 2140 1603 2184 aed
1631 2141 1720 2184 illis
1754 2139 1953 2184 Creditur
1983 2145 2028 2182 et
2058 2139 2171 2183 infra
2203 2140 2265 2195 (v.
2292 2141 2399 2196 119)
2429 2155 2513 2183 non
2542 2148 2603 2184 est

491 2215 684 2258 Romano
713 2216 914 2273 cuz'quam
945 2215 1059 2258 lom
1090 2215 1156 2258 hic
1186 2216 1261 2258 ubi
1288 2223 1440 2273 regnat
1464 2216 1719 2272 Protogenes
1748 2216 1919 2272 aliquis,
1950 2215 2014 2258 sic
2044 2228 2162 2257 nunc
2193 2213 2393 2269 apposite
2424 2214 2601 2258 conclu-

492 2288 625 2332 dendi
655 2289 845 2332 formula
873 2288 1082 2333 lectorem
1115 2289 1322 2332 admonet
1351 2290 1445 2333 eius
1476 2289 1596 2346 quod
1629 2289 1744 2333 effici
1773 2288 1924 2342 voluit,
1955 2287 2171 2332 neminem
2191 2286 2439 2331 Romanum
2461 2286 2600 2332 Grae-

492 2378 641 2406 corum
672 2362 914 2406 adulationi
945 2377 997 2406 ac
1026 2362 1237 2420 perfidiae
1267 2379 1418 2421 parem
1449 2379 1546 2408 esse
1577 2378 1723 2420 posse.

697 2443 741 2481 et
770 2449 839 2491 XI,
870 2438 927 2480 99

968 2512 1100 2556 Tales
1133 2528 1239 2571 ergo
1271 2513 1358 2557 cibi
1390 2514 1533 2571 qualis
1564 2513 1721 2556 domus
1753 2519 1884 2570 atque
1916 2513 2126 2571 supellex.

492 2587 667 2631 Insistit
696 2587 811 2630 enim
842 2592 887 2630 et
917 2587 1004 2630 hoc
1033 2587 1131 2631 loco
1152 2588 1377 2632 Iuvenalis
1407 2595 1451 2632 et
1483 2603 1595 2647 quae
1626 2589 1712 2631 iam
1744 2588 1961 2632 enarravit
1991 2588 2047 2633 de
2078 2589 2290 2633 maiorum
2323 2588 2602 2645 simplicitate

492 2669 584 2704 tam
620 2676 754 2705 cenae
786 2676 918 2719 quam
956 2663 1240 2720 supellectilis
1278 2663 1582 2707 concludendo
1620 2663 1874 2720 complexus
1913 2663 2096 2706 eandem
2132 2663 2264 2706 telam
2301 2664 2513 2720 pertexit,
2553 2669 2603 2706 ut

495 2738 695 2795 exposito
732 2737 905 2780 illorum
938 2743 1192 2794 contemptu
1224 2739 1393 2797 argenti
1429 2743 1735 2796 praeterquam
1770 2738 1815 2780 in
1847 2738 1977 2781 armis
2014 2752 2165 2781 rursus
2207 2738 2252 2780 in
2284 2737 2468 2781 similem
2498 2752 2603 2781 con-

494 2812 735 2856 clusionem
766 2811 943 2855 evadat:

825 2886 908 2929 108
970 2886 1202 2930 Ponebant
1232 2887 1367 2947 igitur
1396 2887 1546 2930 Tusco
1576 2887 1741 2929 farrata
1771 2887 1936 2929 catino:

821 2962 907 3005 109
968 2961 1157 3019 Argenti
1191 2962 1310 3019 quod
1340 2968 1435 3006 erat
1465 2962 1570 3005 solis
1600 2961 1797 3019 fulgebat
1826 2963 1871 3004 iu
1903 2962 2097 3019 armis‘).

700 3129 739 3179 “)
774 3130 865 3169 Hoc
892 3130 1031 3169 ordine
1060 3141 1104 3168 se
1130 3129 1209 3167 duo
1230 3141 1369 3168 versus
1399 3129 1604 3180 excipiunt
1631 3129 1672 3167 in
1700 3128 1830 3177 libris,
1860 3139 1939 3179 quo
1961 3132 2110 3166 mutato
2140 3128 2277 3166 labant
2296 3128 2440 3167 omnia.
2486 3127 2602 3166 Post-

495 3197 655 3246 ponitur
690 3203 821 3236 autem
857 3197 983 3249 priori
1014 3210 1150 3236 versus
1184 3196 1260 3235 109
1292 3196 1454 3247 Argenti
1489 3197 1593 3247 quod
1625 3204 1706 3234 erat
1736 3218 1770 3243 -,
1811 3197 1925 3234 cuius
1961 3196 2175 3244 sententia,
2211 3207 2313 3246 quae
2346 3195 2517 3234 efficitur
2550 3207 2615 3242 ex,
